timestamp,symbol,bid,ask,bid_qty,ask_qty
1781169402325,XRPUSDT,1.1161,1.1162,37601.6,21492.4
1781169402328,XRPUSDT,1.1161,1.1162,37616.1,21492.4
1781169402393,XRPUSDT,1.1161,1.1162,37508.4,21492.4
1781169402394,XRPUSDT,1.1161,1.1162,37513.4,21492.4
1781169402472,XRPUSDT,1.1161,1.1162,37521.9,21492.4
1781169402601,XRPUSDT,1.1161,1.1162,37521.9,21271.9
1781169402732,XRPUSDT,1.1161,1.1162,37521.9,18483.7
1781169402772,XRPUSDT,1.1161,1.1162,40615.2,18483.7
1781169402773,XRPUSDT,1.1161,1.1162,40610.7,18483.7
1781169402774,XRPUSDT,1.1161,1.1162,40611.3,18483.7
1781169403000,XRPUSDT,1.1161,1.1162,40343.8,18483.7
1781169403038,XRPUSDT,1.1161,1.1162,40343.8,18499.0
1781169403039,XRPUSDT,1.1161,1.1162,40348.3,18499.0
1781169403071,XRPUSDT,1.1161,1.1162,40154.3,18499.0
1781169403116,XRPUSDT,1.1161,1.1162,40145.4,18499.0
1781169403271,XRPUSDT,1.1161,1.1162,40145.4,18305.0
1781169403329,XRPUSDT,1.1161,1.1162,40130.9,18305.0
1781169403330,XRPUSDT,1.1161,1.1162,40630.9,18305.0
1781169403332,XRPUSDT,1.1161,1.1162,40644.5,18305.0
1781169403442,XRPUSDT,1.1161,1.1162,40688.6,18305.0
1781169403511,XRPUSDT,1.1161,1.1162,41255.9,18305.0
1781169403511,XRPUSDT,1.1161,1.1162,41251.4,18305.0
1781169403554,XRPUSDT,1.1161,1.1162,41251.4,13533.4
1781169403554,XRPUSDT,1.1161,1.1162,41251.4,13619.5
1781169403555,XRPUSDT,1.1161,1.1162,41251.4,11332.7
1781169403555,XRPUSDT,1.1161,1.1162,41255.9,11332.7
1781169403555,XRPUSDT,1.1161,1.1162,41255.9,11328.2
1781169403555,XRPUSDT,1.1161,1.1162,42255.9,11328.2
1781169403556,XRPUSDT,1.1161,1.1162,45094.5,11328.2
1781169403557,XRPUSDT,1.1162,1.1163,698.0,36604.8
1781169403558,XRPUSDT,1.1162,1.1163,1114.8,36604.8
1781169403558,XRPUSDT,1.1162,1.1163,2782.0,36604.8
1781169403558,XRPUSDT,1.1162,1.1163,2782.0,30604.8
1781169403558,XRPUSDT,1.1162,1.1163,5191.8,30604.8
1781169403558,XRPUSDT,1.1162,1.1163,5922.8,30604.8
1781169403559,XRPUSDT,1.1162,1.1163,6629.7,30604.8
1781169403559,XRPUSDT,1.1162,1.1163,6629.7,27453.8
1781169403559,XRPUSDT,1.1162,1.1163,7351.7,27453.8
1781169403559,XRPUSDT,1.1162,1.1163,8042.9,27453.8
1781169403560,XRPUSDT,1.1162,1.1163,8702.4,27453.8
1781169403560,XRPUSDT,1.1162,1.1163,9374.4,27453.8
1781169403561,XRPUSDT,1.1162,1.1163,9374.4,18510.4
1781169403561,XRPUSDT,1.1162,1.1163,9374.4,18364.4
1781169403561,XRPUSDT,1.1162,1.1163,10098.9,18364.4
1781169403561,XRPUSDT,1.1162,1.1163,10368.4,18364.4
1781169403562,XRPUSDT,1.1162,1.1163,12189.5,18364.4
1781169403562,XRPUSDT,1.1162,1.1163,12189.5,16194.9
1781169403562,XRPUSDT,1.1162,1.1163,14476.3,16194.9
1781169403562,XRPUSDT,1.1162,1.1163,14476.3,16180.1
1781169403562,XRPUSDT,1.1162,1.1163,15386.9,16180.1
1781169403562,XRPUSDT,1.1162,1.1163,17564.5,16180.1
1781169403563,XRPUSDT,1.1162,1.1163,17564.5,16165.3
1781169403563,XRPUSDT,1.1162,1.1163,19974.3,16165.3
1781169403563,XRPUSDT,1.1162,1.1163,19974.3,13878.5
1781169403563,XRPUSDT,1.1162,1.1163,19974.3,13863.7
1781169403563,XRPUSDT,1.1162,1.1163,19974.3,5001.4
1781169403563,XRPUSDT,1.1162,1.1163,19974.3,4996.8
1781169403564,XRPUSDT,1.1162,1.1163,19974.3,4992.3
1781169403566,XRPUSDT,1.1162,1.1163,43470.1,4992.3
1781169403566,XRPUSDT,1.1162,1.1163,43470.1,4977.5
1781169403568,XRPUSDT,1.1162,1.1163,43470.1,4971.2
1781169403568,XRPUSDT,1.1162,1.1163,45970.1,4971.2
1781169403568,XRPUSDT,1.1162,1.1163,45970.1,4956.4
1781169403568,XRPUSDT,1.1162,1.1163,51454.9,4956.4
1781169403569,XRPUSDT,1.1162,1.1163,53691.6,4956.4
1781169403569,XRPUSDT,1.1162,1.1163,54291.6,4956.4
1781169403569,XRPUSDT,1.1162,1.1163,54291.6,4941.6
1781169403569,XRPUSDT,1.1162,1.1163,54291.6,4926.8
1781169403569,XRPUSDT,1.1162,1.1163,57384.9,4926.8
1781169403569,XRPUSDT,1.1162,1.1163,57832.7,4926.8
1781169403570,XRPUSDT,1.1162,1.1163,57832.7,4922.2
1781169403571,XRPUSDT,1.1162,1.1163,57384.9,4922.2
1781169403571,XRPUSDT,1.1162,1.1163,61159.6,4922.2
1781169403571,XRPUSDT,1.1162,1.1163,61247.3,4922.2
1781169403571,XRPUSDT,1.1162,1.1163,58747.3,4922.2
1781169403571,XRPUSDT,1.1162,1.1163,58747.3,4917.6
1781169403572,XRPUSDT,1.1162,1.1163,60191.4,4917.6
1781169403572,XRPUSDT,1.1162,1.1163,60195.9,4917.6
1781169403572,XRPUSDT,1.1162,1.1163,65195.9,4917.6
1781169403572,XRPUSDT,1.1162,1.1163,66195.9,4917.6
1781169403572,XRPUSDT,1.1162,1.1163,69346.9,4917.6
1781169403573,XRPUSDT,1.1162,1.1163,69351.9,4917.6
1781169403573,XRPUSDT,1.1162,1.1163,69356.5,4917.6
1781169403573,XRPUSDT,1.1162,1.1163,69856.5,4917.6
1781169403573,XRPUSDT,1.1162,1.1163,67619.8,4917.6
1781169403573,XRPUSDT,1.1162,1.1163,65210.0,4917.6
1781169403574,XRPUSDT,1.1162,1.1163,59725.2,4917.6
1781169403574,XRPUSDT,1.1162,1.1163,64243.2,4917.6
1781169403574,XRPUSDT,1.1162,1.1163,64243.2,5045.8
1781169403574,XRPUSDT,1.1162,1.1163,73105.5,5045.8
1781169403575,XRPUSDT,1.1162,1.1163,73114.1,5045.8
1781169403575,XRPUSDT,1.1162,1.1163,73267.7,5045.8
1781169403575,XRPUSDT,1.1162,1.1163,73267.7,5041.3
1781169403575,XRPUSDT,1.1162,1.1163,73267.7,5033.1
1781169403575,XRPUSDT,1.1162,1.1163,73267.7,4904.9
1781169403576,XRPUSDT,1.1162,1.1163,73267.7,5800.7
1781169403576,XRPUSDT,1.1162,1.1163,74267.7,5800.7
1781169403577,XRPUSDT,1.1162,1.1163,69749.7,5800.7
1781169403577,XRPUSDT,1.1162,1.1163,69843.9,5800.7
1781169403577,XRPUSDT,1.1162,1.1163,70074.1,5800.7
1781169403579,XRPUSDT,1.1162,1.1163,70296.3,5800.7
1781169403579,XRPUSDT,1.1162,1.1163,70296.3,5796.2
1781169403579,XRPUSDT,1.1163,1.1164,12031.4,38399.7
1781169403579,XRPUSDT,1.1163,1.1164,12448.2,38399.7
1781169403579,XRPUSDT,1.1163,1.1164,14115.4,38399.7
1781169403579,XRPUSDT,1.1163,1.1164,14807.4,38399.7
1781169403580,XRPUSDT,1.1163,1.1164,15461.6,38399.7
1781169403580,XRPUSDT,1.1163,1.1164,15731.1,38399.7
1781169403580,XRPUSDT,1.1163,1.1164,16508.7,38399.7
1781169403580,XRPUSDT,1.1163,1.1164,16778.2,38399.7
1781169403580,XRPUSDT,1.1163,1.1164,17233.5,38399.7
1781169403581,XRPUSDT,1.1163,1.1164,19054.6,38399.7
1781169403581,XRPUSDT,1.1163,1.1164,19054.6,34139.3
1781169403581,XRPUSDT,1.1163,1.1164,20811.0,34139.3
1781169403581,XRPUSDT,1.1163,1.1164,20811.0,34133.2
1781169403581,XRPUSDT,1.1163,1.1164,20811.0,22972.3
1781169403581,XRPUSDT,1.1163,1.1164,20811.0,22957.5
1781169403582,XRPUSDT,1.1163,1.1164,20811.0,22942.7
1781169403582,XRPUSDT,1.1163,1.1164,20811.0,22927.9
1781169403582,XRPUSDT,1.1163,1.1164,20811.0,22921.0
1781169403582,XRPUSDT,1.1163,1.1164,22411.0,22921.0
1781169403582,XRPUSDT,1.1163,1.1164,22400.5,22921.0
1781169403583,XRPUSDT,1.1163,1.1164,23000.5,22921.0
1781169403583,XRPUSDT,1.1163,1.1164,25410.1,22921.0
1781169403583,XRPUSDT,1.1163,1.1164,29184.8,22921.0
1781169403583,XRPUSDT,1.1163,1.1164,29265.4,22921.0
1781169403583,XRPUSDT,1.1163,1.1164,29540.9,22921.0
1781169403584,XRPUSDT,1.1163,1.1164,29540.9,22906.2
1781169403584,XRPUSDT,1.1163,1.1164,29540.9,22901.6
1781169403584,XRPUSDT,1.1163,1.1164,29540.9,22907.0
1781169403584,XRPUSDT,1.1163,1.1164,31827.7,22907.0
1781169403584,XRPUSDT,1.1163,1.1164,31827.7,20620.2
1781169403585,XRPUSDT,1.1163,1.1164,36827.7,20620.2
1781169403585,XRPUSDT,1.1163,1.1164,36827.7,17585.0
1781169403585,XRPUSDT,1.1163,1.1164,40683.6,17585.0
1781169403585,XRPUSDT,1.1163,1.1164,39083.6,17585.0
1781169403585,XRPUSDT,1.1163,1.1164,39083.6,17580.4
1781169403586,XRPUSDT,1.1163,1.1164,42176.9,17580.4
1781169403586,XRPUSDT,1.1163,1.1164,65580.0,17580.4
1781169403586,XRPUSDT,1.1163,1.1164,65580.0,17573.5
1781169403586,XRPUSDT,1.1163,1.1164,68731.0,17573.5
1781169403586,XRPUSDT,1.1163,1.1164,68731.0,12700.0
1781169403586,XRPUSDT,1.1163,1.1164,70175.1,12700.0
1781169403587,XRPUSDT,1.1163,1.1164,70175.1,12695.3
1781169403587,XRPUSDT,1.1163,1.1164,70175.1,12690.8
1781169403587,XRPUSDT,1.1163,1.1164,70175.1,12676.0
1781169403587,XRPUSDT,1.1163,1.1164,70175.1,12855.2
1781169403587,XRPUSDT,1.1163,1.1164,70175.1,12850.5
1781169403588,XRPUSDT,1.1163,1.1164,79037.4,12850.5
1781169403588,XRPUSDT,1.1163,1.1164,79037.4,12510.1
1781169403588,XRPUSDT,1.1163,1.1164,79037.4,12505.5
1781169403588,XRPUSDT,1.1163,1.1164,79037.4,12490.7
1781169403588,XRPUSDT,1.1163,1.1164,79037.4,12712.3
1781169403588,XRPUSDT,1.1163,1.1164,80037.4,12712.3
1781169403589,XRPUSDT,1.1163,1.1164,80037.4,12697.5
1781169403589,XRPUSDT,1.1163,1.1164,80037.4,12742.2
1781169403589,XRPUSDT,1.1163,1.1164,80037.4,12292.2
1781169403589,XRPUSDT,1.1163,1.1164,80037.4,12195.3
1781169403590,XRPUSDT,1.1163,1.1164,80740.2,12195.3
1781169403590,XRPUSDT,1.1163,1.1164,80744.7,12195.3
1781169403590,XRPUSDT,1.1163,1.1164,80744.7,11996.6
1781169403590,XRPUSDT,1.1163,1.1164,80744.7,11992.1
1781169403590,XRPUSDT,1.1163,1.1164,80744.7,11987.6
1781169403590,XRPUSDT,1.1163,1.1164,81744.7,11987.6
1781169403591,XRPUSDT,1.1163,1.1164,81744.7,11978.8
1781169403591,XRPUSDT,1.1163,1.1164,81744.7,11974.3
1781169403591,XRPUSDT,1.1163,1.1164,81749.3,11974.3
1781169403591,XRPUSDT,1.1163,1.1164,84949.3,11974.3
1781169403591,XRPUSDT,1.1163,1.1164,84949.3,14446.0
1781169403591,XRPUSDT,1.1163,1.1164,84949.3,14441.5
1781169403592,XRPUSDT,1.1163,1.1164,85179.5,14441.5
1781169403592,XRPUSDT,1.1163,1.1164,85179.5,14678.9
1781169403592,XRPUSDT,1.1163,1.1164,85179.5,14683.4
1781169403592,XRPUSDT,1.1163,1.1164,85179.5,14638.7
1781169403602,XRPUSDT,1.1163,1.1164,82769.9,14638.7
1781169403602,XRPUSDT,1.1163,1.1164,82814.6,14638.7
1781169403613,XRPUSDT,1.1163,1.1164,83036.8,14638.7
1781169403636,XRPUSDT,1.1163,1.1164,83036.8,14401.3
1781169403661,XRPUSDT,1.1163,1.1164,83045.2,14401.3
1781169403662,XRPUSDT,1.1163,1.1164,83545.2,14401.3
1781169403664,XRPUSDT,1.1163,1.1164,82545.2,14401.3
1781169403664,XRPUSDT,1.1163,1.1164,82545.2,14303.6
1781169403674,XRPUSDT,1.1163,1.1164,82315.0,14303.6
1781169403675,XRPUSDT,1.1163,1.1164,82315.0,14431.8
1781169403714,XRPUSDT,1.1163,1.1164,82315.0,14446.6
1781169403714,XRPUSDT,1.1163,1.1164,82329.8,14446.6
1781169403745,XRPUSDT,1.1163,1.1164,82329.8,14442.1
1781169403746,XRPUSDT,1.1163,1.1164,82329.8,5579.8
1781169403769,XRPUSDT,1.1163,1.1164,82329.8,4659.8
1781169403772,XRPUSDT,1.1163,1.1164,82329.8,4655.3
1781169403773,XRPUSDT,1.1163,1.1164,82329.8,4645.5
1781169403826,XRPUSDT,1.1163,1.1164,82322.6,4645.5
1781169403826,XRPUSDT,1.1163,1.1164,82322.6,4593.2
1781169403827,XRPUSDT,1.1163,1.1164,82322.6,4598.6
1781169403827,XRPUSDT,1.1163,1.1164,82322.6,4603.2
1781169403828,XRPUSDT,1.1163,1.1164,85449.0,4603.2
1781169403828,XRPUSDT,1.1163,1.1164,82322.6,4603.2
1781169403858,XRPUSDT,1.1163,1.1164,82322.6,4607.7
1781169403968,XRPUSDT,1.1163,1.1164,82317.2,4607.7
1781169404069,XRPUSDT,1.1163,1.1164,82322.2,4607.7
1781169404070,XRPUSDT,1.1163,1.1164,82322.2,4712.8
1781169404070,XRPUSDT,1.1163,1.1164,82322.2,4721.8
1781169404070,XRPUSDT,1.1163,1.1164,82326.7,4721.8
1781169404078,XRPUSDT,1.1163,1.1164,82326.7,4726.8
1781169404083,XRPUSDT,1.1163,1.1164,82316.4,4726.8
1781169404230,XRPUSDT,1.1163,1.1164,82316.4,4936.4
1781169404231,XRPUSDT,1.1163,1.1164,82316.4,4927.4
1781169404259,XRPUSDT,1.1163,1.1164,82048.9,4927.4
1781169404274,XRPUSDT,1.1163,1.1164,82054.4,4927.4
1781169404275,XRPUSDT,1.1163,1.1164,82054.4,4936.4
1781169404344,XRPUSDT,1.1163,1.1164,82054.4,4742.4
1781169404349,XRPUSDT,1.1163,1.1164,82054.4,4770.2
1781169404396,XRPUSDT,1.1163,1.1164,82054.4,4974.5
1781169404398,XRPUSDT,1.1163,1.1164,82054.4,4965.5
1781169404441,XRPUSDT,1.1163,1.1164,82044.9,4965.5
1781169404451,XRPUSDT,1.1163,1.1164,82089.1,4965.5
1781169404453,XRPUSDT,1.1163,1.1164,82089.1,4974.5
1781169404494,XRPUSDT,1.1163,1.1164,82089.1,4970.0
1781169404509,XRPUSDT,1.1163,1.1164,82089.1,5185.0
1781169404510,XRPUSDT,1.1163,1.1164,82089.1,5176.0
1781169404604,XRPUSDT,1.1163,1.1164,82089.1,5227.1
1781169404606,XRPUSDT,1.1163,1.1164,82089.1,5236.1
1781169405041,XRPUSDT,1.1163,1.1164,82289.1,5236.1
1781169405054,XRPUSDT,1.1163,1.1164,82289.1,5149.1
1781169405120,XRPUSDT,1.1163,1.1164,82281.9,5149.1
1781169405126,XRPUSDT,1.1164,1.1165,22415.3,22520.2
1781169405127,XRPUSDT,1.1164,1.1165,22415.3,13657.9
1781169405127,XRPUSDT,1.1164,1.1165,24824.2,13657.9
1781169405127,XRPUSDT,1.1164,1.1165,27814.2,13657.9
1781169405128,XRPUSDT,1.1164,1.1165,28724.8,13657.9
1781169405128,XRPUSDT,1.1164,1.1165,28994.3,13657.9
1781169405128,XRPUSDT,1.1164,1.1165,28994.3,13653.3
1781169405128,XRPUSDT,1.1164,1.1165,31403.2,13653.3
1781169405129,XRPUSDT,1.1164,1.1165,31403.2,13648.6
1781169405129,XRPUSDT,1.1164,1.1165,31403.2,8531.9
1781169405130,XRPUSDT,1.1164,1.1165,34554.2,8531.9
1781169405131,XRPUSDT,1.1164,1.1165,34554.2,8517.1
1781169405131,XRPUSDT,1.1164,1.1165,34554.2,8502.3
1781169405131,XRPUSDT,1.1164,1.1165,34554.2,8497.8
1781169405131,XRPUSDT,1.1164,1.1165,34554.2,8483.0
1781169405132,XRPUSDT,1.1164,1.1165,34554.2,5472.5
1781169405132,XRPUSDT,1.1164,1.1165,43416.5,5472.5
1781169405132,XRPUSDT,1.1164,1.1165,43416.5,5467.9
1781169405132,XRPUSDT,1.1164,1.1165,43416.5,5453.1
1781169405132,XRPUSDT,1.1164,1.1165,43416.5,5438.3
1781169405132,XRPUSDT,1.1164,1.1165,43416.5,5423.5
1781169405133,XRPUSDT,1.1164,1.1165,43416.5,5408.7
1781169405133,XRPUSDT,1.1164,1.1165,44416.5,5408.7
1781169405133,XRPUSDT,1.1164,1.1165,47509.8,5408.7
1781169405133,XRPUSDT,1.1164,1.1165,44519.8,5408.7
1781169405133,XRPUSDT,1.1164,1.1165,44524.3,5408.7
1781169405134,XRPUSDT,1.1164,1.1165,45124.3,5408.7
1781169405134,XRPUSDT,1.1164,1.1165,47624.3,5408.7
1781169405134,XRPUSDT,1.1164,1.1165,47624.3,1705.2
1781169405134,XRPUSDT,1.1164,1.1165,47628.9,1705.2
1781169405134,XRPUSDT,1.1164,1.1165,48076.7,1705.2
1781169405135,XRPUSDT,1.1164,1.1165,50131.1,1705.2
1781169405135,XRPUSDT,1.1164,1.1165,55131.1,1705.2
1781169405135,XRPUSDT,1.1164,1.1165,55631.1,1705.2
1781169405135,XRPUSDT,1.1164,1.1165,55631.1,1820.6
1781169405135,XRPUSDT,1.1164,1.1165,55639.7,1820.6
1781169405135,XRPUSDT,1.1164,1.1165,55644.7,1820.6
1781169405136,XRPUSDT,1.1164,1.1165,55196.9,1820.6
1781169405136,XRPUSDT,1.1164,1.1165,55644.7,1820.6
1781169405136,XRPUSDT,1.1164,1.1165,53235.8,1820.6
1781169405136,XRPUSDT,1.1164,1.1165,53235.8,1419.0
1781169405136,XRPUSDT,1.1164,1.1165,53235.8,1414.5
1781169405137,XRPUSDT,1.1164,1.1165,53316.4,1414.5
1781169405137,XRPUSDT,1.1164,1.1165,53316.4,1410.0
1781169405137,XRPUSDT,1.1164,1.1165,53316.4,1405.5
1781169405137,XRPUSDT,1.1164,1.1165,53316.4,1401.0
1781169405137,XRPUSDT,1.1164,1.1165,54316.4,1401.0
1781169405138,XRPUSDT,1.1164,1.1165,54320.9,1401.0
1781169405138,XRPUSDT,1.1164,1.1165,54543.1,1401.0
1781169405138,XRPUSDT,1.1164,1.1165,52043.1,1401.0
1781169405138,XRPUSDT,1.1164,1.1165,51595.3,1401.0
1781169405139,XRPUSDT,1.1164,1.1165,51689.5,1401.0
1781169405139,XRPUSDT,1.1164,1.1165,65054.4,1401.0
1781169405139,XRPUSDT,1.1164,1.1165,65054.4,1285.6
1781169405139,XRPUSDT,1.1164,1.1165,65297.4,1285.6
1781169405139,XRPUSDT,1.1164,1.1165,65297.4,1281.1
1781169405139,XRPUSDT,1.1164,1.1165,65297.4,1245.1
1781169405140,XRPUSDT,1.1164,1.1165,65297.4,1249.6
1781169405140,XRPUSDT,1.1164,1.1165,65297.4,1255.0
1781169405143,XRPUSDT,1.1164,1.1165,65297.4,1881.5
1781169405144,XRPUSDT,1.1164,1.1165,65297.4,1681.5
1781169405144,XRPUSDT,1.1164,1.1165,65297.4,1281.5
1781169405145,XRPUSDT,1.1164,1.1165,65406.9,1281.5
1781169405147,XRPUSDT,1.1164,1.1165,65297.4,1281.5
1781169405152,XRPUSDT,1.1164,1.1165,65342.1,1281.5
1781169405154,XRPUSDT,1.1164,1.1165,65342.1,1286.1
1781169405162,XRPUSDT,1.1164,1.1165,62933.2,1286.1
1781169405166,XRPUSDT,1.1164,1.1165,62959.2,1286.1
1781169405168,XRPUSDT,1.1164,1.1165,63033.0,1286.1
1781169405168,XRPUSDT,1.1164,1.1165,63033.0,5060.8
1781169405168,XRPUSDT,1.1165,1.1166,1291.2,68564.6
1781169405168,XRPUSDT,1.1165,1.1166,3699.8,68564.6
1781169405169,XRPUSDT,1.1165,1.1166,3699.8,69013.2
1781169405169,XRPUSDT,1.1165,1.1166,8722.1,69013.2
1781169405169,XRPUSDT,1.1165,1.1166,9138.9,69013.2
1781169405169,XRPUSDT,1.1165,1.1166,9922.4,69013.2
1781169405169,XRPUSDT,1.1165,1.1166,10571.3,69013.2
1781169405170,XRPUSDT,1.1165,1.1166,11312.2,69013.2
1781169405170,XRPUSDT,1.1165,1.1166,12979.4,69013.2
1781169405170,XRPUSDT,1.1165,1.1166,15969.4,69013.2
1781169405170,XRPUSDT,1.1165,1.1166,15969.4,69008.7
1781169405171,XRPUSDT,1.1165,1.1166,12979.4,69008.7
1781169405171,XRPUSDT,1.1165,1.1166,13643.9,69008.7
1781169405171,XRPUSDT,1.1165,1.1166,14554.5,69008.7
1781169405171,XRPUSDT,1.1165,1.1166,14554.5,69004.1
1781169405172,XRPUSDT,1.1165,1.1166,14554.5,33563.4
1781169405172,XRPUSDT,1.1165,1.1166,16963.1,33563.4
1781169405172,XRPUSDT,1.1165,1.1166,20885.7,33563.4
1781169405172,XRPUSDT,1.1165,1.1166,20885.7,33558.9
1781169405172,XRPUSDT,1.1165,1.1166,20885.7,31272.1
1781169405172,XRPUSDT,1.1165,1.1166,20885.7,18692.8
1781169405173,XRPUSDT,1.1165,1.1166,20890.2,18692.8
1781169405173,XRPUSDT,1.1165,1.1166,22711.3,18692.8
1781169405173,XRPUSDT,1.1165,1.1166,24765.7,18692.8
1781169405173,XRPUSDT,1.1165,1.1166,24765.7,18688.1
1781169405173,XRPUSDT,1.1165,1.1166,27052.5,18688.1
1781169405174,XRPUSDT,1.1165,1.1166,27052.5,18681.8
1781169405174,XRPUSDT,1.1165,1.1166,29552.5,18681.8
1781169405174,XRPUSDT,1.1165,1.1166,30000.3,18681.8
1781169405174,XRPUSDT,1.1165,1.1166,30269.8,18681.8
1781169405174,XRPUSDT,1.1165,1.1166,30269.8,18674.9
1781169405175,XRPUSDT,1.1165,1.1166,30869.8,18674.9
1781169405175,XRPUSDT,1.1165,1.1166,30874.4,18674.9
1781169405175,XRPUSDT,1.1165,1.1166,30874.4,18670.3
1781169405175,XRPUSDT,1.1165,1.1166,31550.4,18670.3
1781169405175,XRPUSDT,1.1165,1.1166,29050.4,18670.3
1781169405176,XRPUSDT,1.1165,1.1166,34050.4,18670.3
1781169405176,XRPUSDT,1.1165,1.1166,36550.4,18670.3
1781169405176,XRPUSDT,1.1165,1.1166,34141.8,18670.3
1781169405176,XRPUSDT,1.1165,1.1166,34384.8,18670.3
1781169405176,XRPUSDT,1.1165,1.1166,34384.8,18665.8
1781169405176,XRPUSDT,1.1165,1.1166,43247.1,18665.8
1781169405177,XRPUSDT,1.1165,1.1166,43247.1,18658.9
1781169405177,XRPUSDT,1.1165,1.1166,43327.7,18658.9
1781169405177,XRPUSDT,1.1165,1.1166,43327.7,18654.4
1781169405177,XRPUSDT,1.1165,1.1166,43327.7,18205.8
1781169405177,XRPUSDT,1.1165,1.1166,43476.7,18205.8
1781169405177,XRPUSDT,1.1165,1.1166,43476.7,18250.5
1781169405178,XRPUSDT,1.1165,1.1166,43482.8,18250.5
1781169405178,XRPUSDT,1.1165,1.1166,43035.0,18250.5
1781169405178,XRPUSDT,1.1165,1.1166,42435.0,18250.5
1781169405178,XRPUSDT,1.1165,1.1166,39935.0,18250.5
1781169405181,XRPUSDT,1.1165,1.1166,39935.0,18255.0
1781169405182,XRPUSDT,1.1165,1.1166,40157.2,18255.0
1781169405183,XRPUSDT,1.1165,1.1166,39481.2,18255.0
1781169405190,XRPUSDT,1.1165,1.1166,39481.2,18158.1
1781169405195,XRPUSDT,1.1165,1.1166,38816.7,18158.1
1781169405195,XRPUSDT,1.1165,1.1166,38816.7,19604.1
1781169405196,XRPUSDT,1.1165,1.1166,38075.8,19604.1
1781169405200,XRPUSDT,1.1165,1.1166,34153.2,19604.1
1781169405201,XRPUSDT,1.1165,1.1166,33883.7,19604.1
1781169405202,XRPUSDT,1.1165,1.1166,33234.8,19604.1
1781169405202,XRPUSDT,1.1165,1.1166,32451.3,19604.1
1781169405202,XRPUSDT,1.1165,1.1166,30042.7,19604.1
1781169405217,XRPUSDT,1.1165,1.1166,30042.7,19482.5
1781169405230,XRPUSDT,1.1165,1.1166,30051.3,19482.5
1781169405232,XRPUSDT,1.1165,1.1166,30551.3,19482.5
1781169405233,XRPUSDT,1.1165,1.1166,30396.2,19482.5
1781169405258,XRPUSDT,1.1165,1.1166,30411.0,19482.5
1781169405258,XRPUSDT,1.1165,1.1166,30411.0,19497.3
1781169405269,XRPUSDT,1.1165,1.1166,30411.0,26212.3
1781169405270,XRPUSDT,1.1165,1.1166,30411.0,26212.9
1781169405273,XRPUSDT,1.1165,1.1166,30411.0,35015.2
1781169405274,XRPUSDT,1.1165,1.1166,30411.0,43604.5
1781169405274,XRPUSDT,1.1165,1.1166,28589.9,43604.5
1781169405276,XRPUSDT,1.1165,1.1166,28589.9,43589.7
1781169405276,XRPUSDT,1.1165,1.1166,27679.3,43589.7
1781169405276,XRPUSDT,1.1165,1.1166,27679.3,49614.6
1781169405276,XRPUSDT,1.1165,1.1166,27436.3,49614.6
1781169405276,XRPUSDT,1.1165,1.1166,27436.3,49729.9
1781169405281,XRPUSDT,1.1165,1.1166,27436.3,49725.4
1781169405287,XRPUSDT,1.1165,1.1166,18574.0,49725.4
1781169405288,XRPUSDT,1.1165,1.1166,18157.2,49725.4
1781169405289,XRPUSDT,1.1165,1.1166,15870.4,49725.4
1781169405290,XRPUSDT,1.1165,1.1166,14203.2,49725.4
1781169405302,XRPUSDT,1.1165,1.1166,14203.2,50743.1
1781169405304,XRPUSDT,1.1165,1.1166,14203.2,49725.4
1781169405330,XRPUSDT,1.1165,1.1166,14203.2,50743.1
1781169405330,XRPUSDT,1.1165,1.1166,14203.2,50783.8
1781169405330,XRPUSDT,1.1165,1.1166,14203.2,49766.1
1781169405357,XRPUSDT,1.1165,1.1166,14203.2,50783.8
1781169405358,XRPUSDT,1.1165,1.1166,14203.2,50830.4
1781169405359,XRPUSDT,1.1165,1.1166,14203.2,50845.2
1781169405362,XRPUSDT,1.1165,1.1166,14203.2,49827.5
1781169405384,XRPUSDT,1.1165,1.1166,14203.2,50845.2
1781169405408,XRPUSDT,1.1165,1.1166,13935.7,50845.2
1781169405409,XRPUSDT,1.1165,1.1166,13935.7,50840.2
1781169405413,XRPUSDT,1.1165,1.1166,13935.7,50795.5
1781169405414,XRPUSDT,1.1165,1.1166,13935.7,49777.8
1781169405440,XRPUSDT,1.1165,1.1166,13935.7,50795.5
1781169405476,XRPUSDT,1.1165,1.1166,13935.7,50601.5
1781169405478,XRPUSDT,1.1165,1.1166,13935.7,49583.8
1781169405494,XRPUSDT,1.1165,1.1166,13935.7,50601.5
1781169405581,XRPUSDT,1.1165,1.1166,17086.7,50601.5
1781169405583,XRPUSDT,1.1165,1.1166,17086.7,49583.8
1781169405585,XRPUSDT,1.1165,1.1166,17086.7,40781.5
1781169405587,XRPUSDT,1.1165,1.1166,17093.5,40781.5
1781169405591,XRPUSDT,1.1165,1.1166,20093.5,40781.5
1781169405594,XRPUSDT,1.1165,1.1166,17093.5,40781.5
1781169405616,XRPUSDT,1.1165,1.1166,17093.5,34066.5
1781169405629,XRPUSDT,1.1165,1.1166,17093.5,34107.0
1781169405639,XRPUSDT,1.1165,1.1166,17098.5,34107.0
1781169405679,XRPUSDT,1.1165,1.1166,17098.5,33913.0
1781169405738,XRPUSDT,1.1165,1.1166,16858.5,33913.0
1781169405874,XRPUSDT,1.1165,1.1166,16864.0,33913.0
1781169405876,XRPUSDT,1.1165,1.1166,16864.0,33922.0
1781169405876,XRPUSDT,1.1165,1.1166,16868.5,33922.0
1781169406011,XRPUSDT,1.1165,1.1166,16868.5,33701.5
1781169406041,XRPUSDT,1.1165,1.1166,16868.5,33710.8
1781169406056,XRPUSDT,1.1165,1.1166,16885.3,33710.8
1781169406092,XRPUSDT,1.1165,1.1166,16878.5,33710.8
1781169406096,XRPUSDT,1.1165,1.1166,16912.1,33710.8
1781169406306,XRPUSDT,1.1165,1.1166,16945.5,33710.8
1781169406326,XRPUSDT,1.1165,1.1166,16945.5,33505.1
1781169406412,XRPUSDT,1.1165,1.1166,16678.0,33505.1
1781169406442,XRPUSDT,1.1165,1.1166,16484.0,33505.1
1781169406452,XRPUSDT,1.1165,1.1166,16484.0,33528.9
1781169406482,XRPUSDT,1.1165,1.1166,16442.6,33528.9
1781169406510,XRPUSDT,1.1165,1.1166,17033.4,33528.9
1781169406512,XRPUSDT,1.1165,1.1166,17028.9,33528.9
1781169406528,XRPUSDT,1.1165,1.1166,17079.5,33528.9
1781169406529,XRPUSDT,1.1165,1.1166,17084.0,33528.9
1781169406569,XRPUSDT,1.1165,1.1166,17067.2,33528.9
1781169406572,XRPUSDT,1.1165,1.1166,17072.0,33528.9
1781169406657,XRPUSDT,1.1165,1.1166,17556.0,33528.9
1781169406658,XRPUSDT,1.1165,1.1166,17551.5,33528.9
1781169406753,XRPUSDT,1.1165,1.1166,17551.5,33334.9
1781169406754,XRPUSDT,1.1165,1.1166,17556.0,33334.9
1781169407084,XRPUSDT,1.1165,1.1166,17556.0,33340.3
1781169407145,XRPUSDT,1.1165,1.1166,17522.4,33340.3
1781169407150,XRPUSDT,1.1165,1.1166,17556.5,33340.3
1781169407170,XRPUSDT,1.1165,1.1166,17556.5,33350.8
1781169407175,XRPUSDT,1.1165,1.1166,17584.0,33350.8
1781169407208,XRPUSDT,1.1165,1.1166,18271.9,33350.8
1781169407210,XRPUSDT,1.1165,1.1166,18267.4,33350.8
1781169407272,XRPUSDT,1.1165,1.1166,27129.7,33350.8
1781169407273,XRPUSDT,1.1165,1.1166,27114.9,33350.8
1781169407274,XRPUSDT,1.1165,1.1166,27114.9,27325.9
1781169407274,XRPUSDT,1.1165,1.1166,27129.7,27325.9
1781169407274,XRPUSDT,1.1165,1.1166,27134.2,27325.9
1781169407274,XRPUSDT,1.1165,1.1166,27134.8,27325.9
1781169407343,XRPUSDT,1.1165,1.1166,27143.1,27325.9
1781169407368,XRPUSDT,1.1165,1.1166,30443.1,27325.9
1781169407369,XRPUSDT,1.1165,1.1166,30438.6,27325.9
1781169407369,XRPUSDT,1.1165,1.1166,30438.0,27325.9
1781169407370,XRPUSDT,1.1165,1.1166,30438.0,18736.6
1781169407371,XRPUSDT,1.1165,1.1166,30442.5,18736.6
1781169407410,XRPUSDT,1.1165,1.1166,30442.5,18690.4
1781169407410,XRPUSDT,1.1165,1.1166,30391.9,18690.4
1781169407413,XRPUSDT,1.1165,1.1166,30445.4,18690.4
1781169407629,XRPUSDT,1.1165,1.1166,30445.4,18685.9
1781169407633,XRPUSDT,1.1165,1.1166,30445.4,18690.4
1781169407643,XRPUSDT,1.1165,1.1166,30445.4,15539.4
1781169407655,XRPUSDT,1.1165,1.1166,31233.9,15539.4
1781169407656,XRPUSDT,1.1165,1.1166,31229.4,15539.4
1781169407677,XRPUSDT,1.1165,1.1166,31229.4,11452.1
1781169407678,XRPUSDT,1.1165,1.1166,31229.4,11457.1
1781169407678,XRPUSDT,1.1165,1.1166,31229.4,11462.5
1781169407679,XRPUSDT,1.1165,1.1166,34299.6,11462.5
1781169407679,XRPUSDT,1.1165,1.1166,34304.1,11462.5
1781169407679,XRPUSDT,1.1165,1.1166,34304.1,11467.1
1781169407679,XRPUSDT,1.1165,1.1166,35304.1,11467.1
1781169407679,XRPUSDT,1.1165,1.1166,35304.1,11471.7
1781169407680,XRPUSDT,1.1165,1.1167,35304.1,230501.9
1781169407680,XRPUSDT,1.1165,1.1166,35304.1,4.6
1781169407680,XRPUSDT,1.1165,1.1166,35304.7,4.6
1781169407680,XRPUSDT,1.1165,1.1166,35304.7,108.4
1781169407681,XRPUSDT,1.1165,1.1166,42278.8,108.4
1781169407681,XRPUSDT,1.1165,1.1166,44284.8,108.4
1781169407681,XRPUSDT,1.1165,1.1166,46290.8,108.4
1781169407681,XRPUSDT,1.1165,1.1166,46290.8,4.6
1781169407681,XRPUSDT,1.1165,1.1166,48490.8,4.6
1781169407682,XRPUSDT,1.1165,1.1166,55464.9,4.6
1781169407682,XRPUSDT,1.1166,1.1167,9.6,221390.5
1781169407682,XRPUSDT,1.1166,1.1167,8871.9,221390.5
1781169407682,XRPUSDT,1.1166,1.1167,12705.0,221390.5
1781169407683,XRPUSDT,1.1166,1.1167,13393.5,221390.5
1781169407683,XRPUSDT,1.1166,1.1167,16544.5,221390.5
1781169407683,XRPUSDT,1.1166,1.1167,19544.5,221390.5
1781169407683,XRPUSDT,1.1166,1.1167,22044.5,221390.5
1781169407684,XRPUSDT,1.1166,1.1167,22499.8,221390.5
1781169407684,XRPUSDT,1.1166,1.1167,24320.9,221390.5
1781169407684,XRPUSDT,1.1166,1.1167,25988.1,221390.5
1781169407684,XRPUSDT,1.1166,1.1167,31166.2,221390.5
1781169407684,XRPUSDT,1.1166,1.1167,31435.7,221390.5
1781169407685,XRPUSDT,1.1166,1.1167,31705.2,221390.5
1781169407685,XRPUSDT,1.1166,1.1167,33461.6,221390.5
1781169407685,XRPUSDT,1.1166,1.1167,33737.1,221390.5
1781169407689,XRPUSDT,1.1166,1.1167,34184.9,221390.5
1781169407689,XRPUSDT,1.1166,1.1167,34601.7,221390.5
1781169407689,XRPUSDT,1.1166,1.1167,34601.7,221395.0
1781169407689,XRPUSDT,1.1166,1.1167,39730.0,221395.0
1781169407690,XRPUSDT,1.1166,1.1167,36730.0,221395.0
1781169407690,XRPUSDT,1.1166,1.1167,39136.8,221395.0
1781169407690,XRPUSDT,1.1166,1.1167,43991.3,221395.0
1781169407690,XRPUSDT,1.1166,1.1167,43991.3,221390.5
1781169407690,XRPUSDT,1.1166,1.1167,43991.3,221386.0
1781169407691,XRPUSDT,1.1166,1.1167,43991.3,221381.5
1781169407691,XRPUSDT,1.1166,1.1167,44700.1,221381.5
1781169407691,XRPUSDT,1.1166,1.1167,44700.1,221477.0
1781169407691,XRPUSDT,1.1166,1.1167,45375.1,221477.0
1781169407691,XRPUSDT,1.1166,1.1167,46096.0,221477.0
1781169407692,XRPUSDT,1.1166,1.1167,46787.4,221477.0
1781169407692,XRPUSDT,1.1166,1.1167,49787.4,221477.0
1781169407692,XRPUSDT,1.1166,1.1167,49787.4,216194.5
1781169407692,XRPUSDT,1.1166,1.1167,49787.4,213907.7
1781169407692,XRPUSDT,1.1166,1.1167,49787.4,213892.9
1781169407693,XRPUSDT,1.1166,1.1167,49787.4,213878.1
1781169407693,XRPUSDT,1.1166,1.1167,49787.4,213863.3
1781169407693,XRPUSDT,1.1166,1.1167,49787.4,213848.5
1781169407693,XRPUSDT,1.1166,1.1167,49787.4,208437.8
1781169407693,XRPUSDT,1.1166,1.1167,50387.4,208437.8
1781169407693,XRPUSDT,1.1166,1.1167,50387.4,208423.0
1781169407694,XRPUSDT,1.1166,1.1167,50391.9,208423.0
1781169407694,XRPUSDT,1.1166,1.1167,50391.9,208408.2
1781169407694,XRPUSDT,1.1166,1.1167,50391.9,208393.4
1781169407694,XRPUSDT,1.1166,1.1167,50396.4,208393.4
1781169407694,XRPUSDT,1.1166,1.1167,50896.4,208393.4
1781169407694,XRPUSDT,1.1166,1.1167,55896.4,208393.4
1781169407695,XRPUSDT,1.1166,1.1167,55901.0,208393.4
1781169407695,XRPUSDT,1.1166,1.1167,58262.6,208393.4
1781169407695,XRPUSDT,1.1166,1.1167,58267.6,208393.4
1781169407695,XRPUSDT,1.1166,1.1167,55267.6,208393.4
1781169407695,XRPUSDT,1.1166,1.1167,55919.7,208393.4
1781169407695,XRPUSDT,1.1166,1.1167,56664.3,208393.4
1781169407696,XRPUSDT,1.1166,1.1167,56664.3,208497.2
1781169407696,XRPUSDT,1.1166,1.1167,57344.2,208497.2
1781169407696,XRPUSDT,1.1166,1.1167,52215.9,208497.2
1781169407696,XRPUSDT,1.1166,1.1167,52215.9,208393.4
1781169407696,XRPUSDT,1.1166,1.1167,47361.4,208393.4
1781169407696,XRPUSDT,1.1166,1.1167,47442.0,208393.4
1781169407697,XRPUSDT,1.1166,1.1167,47696.5,208393.4
1781169407697,XRPUSDT,1.1166,1.1167,47696.5,208297.9
1781169407697,XRPUSDT,1.1166,1.1167,47696.5,208293.4
1781169407697,XRPUSDT,1.1166,1.1167,47918.7,208293.4
1781169407697,XRPUSDT,1.1166,1.1167,45511.9,208293.4
1781169407697,XRPUSDT,1.1166,1.1167,43011.9,208293.4
1781169407698,XRPUSDT,1.1166,1.1167,42359.8,208293.4
1781169407698,XRPUSDT,1.1166,1.1167,42105.3,208293.4
1781169407698,XRPUSDT,1.1166,1.1167,41413.9,208293.4
1781169407698,XRPUSDT,1.1166,1.1167,40669.3,208293.4
1781169407698,XRPUSDT,1.1166,1.1167,40669.3,208397.2
1781169407699,XRPUSDT,1.1166,1.1167,39948.4,208397.2
1781169407699,XRPUSDT,1.1166,1.1167,39948.4,208293.4
1781169407699,XRPUSDT,1.1166,1.1167,36105.7,208293.4
1781169407699,XRPUSDT,1.1166,1.1167,35430.7,208293.4
1781169407699,XRPUSDT,1.1166,1.1167,34750.8,208293.4
1781169407699,XRPUSDT,1.1166,1.1167,34750.8,208397.2
1781169407699,XRPUSDT,1.1166,1.1167,34042.0,208397.2
1781169407700,XRPUSDT,1.1166,1.1167,33353.5,208397.2
1781169407700,XRPUSDT,1.1166,1.1167,32753.5,208397.2
1781169407700,XRPUSDT,1.1166,1.1167,32749.0,208397.2
1781169407700,XRPUSDT,1.1166,1.1167,32843.2,208397.2
1781169407700,XRPUSDT,1.1166,1.1167,32843.2,209476.6
1781169407700,XRPUSDT,1.1166,1.1167,32843.2,210618.9
1781169407701,XRPUSDT,1.1166,1.1167,32843.2,210623.4
1781169407701,XRPUSDT,1.1166,1.1167,32843.2,210624.0
1781169407708,XRPUSDT,1.1166,1.1167,32604.7,210624.0
1781169407708,XRPUSDT,1.1166,1.1167,32277.6,210624.0
1781169407710,XRPUSDT,1.1166,1.1167,32277.6,209481.7
1781169407712,XRPUSDT,1.1166,1.1167,32260.1,209481.7
1781169407712,XRPUSDT,1.1166,1.1167,32197.4,209481.7
1781169407713,XRPUSDT,1.1166,1.1167,32171.9,209481.7
1781169407716,XRPUSDT,1.1166,1.1167,32076.3,209481.7
1781169407718,XRPUSDT,1.1166,1.1167,32076.3,210624.0
1781169407726,XRPUSDT,1.1166,1.1167,31628.5,210624.0
1781169407768,XRPUSDT,1.1166,1.1167,31643.3,210624.0
1781169407768,XRPUSDT,1.1166,1.1167,31643.3,210638.8
1781169407769,XRPUSDT,1.1166,1.1167,31643.3,209496.5
1781169407779,XRPUSDT,1.1166,1.1167,31643.3,209488.5
1781169407796,XRPUSDT,1.1166,1.1167,31643.3,210630.8
1781169407798,XRPUSDT,1.1166,1.1167,31643.3,209488.5
1781169407824,XRPUSDT,1.1166,1.1167,31643.3,210630.8
1781169407825,XRPUSDT,1.1166,1.1167,31636.1,210630.8
1781169407826,XRPUSDT,1.1166,1.1167,29815.0,210630.8
1781169407826,XRPUSDT,1.1166,1.1167,29815.0,209488.5
1781169407852,XRPUSDT,1.1166,1.1167,29815.0,210630.8
1781169407866,XRPUSDT,1.1166,1.1167,29828.2,210630.8
1781169408048,XRPUSDT,1.1166,1.1167,29833.7,210630.8
1781169408049,XRPUSDT,1.1166,1.1167,29833.7,209488.5
1781169408074,XRPUSDT,1.1166,1.1167,29833.7,210630.8
1781169408080,XRPUSDT,1.1166,1.1167,30101.3,210630.8
1781169408116,XRPUSDT,1.1166,1.1167,29646.0,210630.8
1781169408116,XRPUSDT,1.1166,1.1167,29370.5,210630.8
1781169408118,XRPUSDT,1.1166,1.1167,29370.5,209488.5
1781169408128,XRPUSDT,1.1166,1.1167,29370.5,210630.8
1781169408144,XRPUSDT,1.1166,1.1167,29370.5,210635.3
1781169408179,XRPUSDT,1.1166,1.1167,29378.3,210635.3
1781169408180,XRPUSDT,1.1166,1.1167,29378.3,209493.0
1781169408181,XRPUSDT,1.1166,1.1167,29378.3,209553.0
1781169408182,XRPUSDT,1.1166,1.1167,29382.8,209553.0
1781169408182,XRPUSDT,1.1166,1.1167,29382.8,209557.5
1781169408184,XRPUSDT,1.1166,1.1167,29382.8,210699.8
1781169408190,XRPUSDT,1.1166,1.1167,29382.8,209557.5
1781169408210,XRPUSDT,1.1166,1.1167,29382.8,210699.8
1781169408212,XRPUSDT,1.1166,1.1167,29382.8,209557.5
1781169408231,XRPUSDT,1.1166,1.1167,29382.8,209916.2
1781169408236,XRPUSDT,1.1166,1.1167,29382.8,211058.5
1781169408237,XRPUSDT,1.1166,1.1167,29382.8,211054.0
1781169408238,XRPUSDT,1.1166,1.1167,29382.8,209911.7
1781169408263,XRPUSDT,1.1166,1.1167,29382.8,210185.4
1781169408264,XRPUSDT,1.1166,1.1167,29382.8,211327.7
1781169408265,XRPUSDT,1.1166,1.1167,29382.8,211332.2
1781169408267,XRPUSDT,1.1166,1.1167,29382.8,216125.0
1781169408268,XRPUSDT,1.1166,1.1167,29382.8,216124.4
1781169408412,XRPUSDT,1.1166,1.1167,29392.6,216124.4
1781169408413,XRPUSDT,1.1166,1.1167,29392.6,216119.9
1781169408413,XRPUSDT,1.1166,1.1167,29392.6,214977.6
1781169408444,XRPUSDT,1.1166,1.1167,29392.6,216119.9
1781169408444,XRPUSDT,1.1166,1.1167,29392.6,216124.4
1781169408734,XRPUSDT,1.1166,1.1167,29392.6,215091.4
1781169408735,XRPUSDT,1.1166,1.1167,29392.6,213949.1
1781169408746,XRPUSDT,1.1166,1.1167,29865.8,213949.1
1781169408747,XRPUSDT,1.1166,1.1167,29861.3,213949.1
1781169408758,XRPUSDT,1.1166,1.1167,29861.3,215124.7
1781169408759,XRPUSDT,1.1166,1.1167,29865.8,215124.7
1781169408791,XRPUSDT,1.1166,1.1167,29900.3,215124.7
1781169408792,XRPUSDT,1.1166,1.1167,29900.3,213949.1
1781169408814,XRPUSDT,1.1166,1.1167,29900.3,215124.7
1781169408918,XRPUSDT,1.1166,1.1167,29900.3,215244.9
1781169408920,XRPUSDT,1.1166,1.1167,29900.3,214069.3
1781169408932,XRPUSDT,1.1166,1.1167,29900.3,215244.9
1781169409112,XRPUSDT,1.1166,1.1167,30446.8,215244.9
1781169409113,XRPUSDT,1.1166,1.1167,30442.3,215244.9
1781169409114,XRPUSDT,1.1166,1.1167,30442.3,214069.3
1781169409115,XRPUSDT,1.1166,1.1167,30442.3,214172.6
1781169409115,XRPUSDT,1.1166,1.1167,30442.3,214275.9
1781169409115,XRPUSDT,1.1166,1.1167,30442.3,214379.2
1781169409116,XRPUSDT,1.1166,1.1167,30446.8,214379.2
1781169409118,XRPUSDT,1.1166,1.1167,30439.6,214379.2
1781169409130,XRPUSDT,1.1166,1.1167,30439.6,215554.8
1781169409131,XRPUSDT,1.1166,1.1167,30439.6,215550.3
1781169409173,XRPUSDT,1.1166,1.1167,30463.2,215550.3
1781169409174,XRPUSDT,1.1166,1.1167,30463.2,215554.8
1781169409174,XRPUSDT,1.1166,1.1167,30463.2,214379.2
1781169409182,XRPUSDT,1.1166,1.1167,30463.2,215554.8
1781169409200,XRPUSDT,1.1166,1.1167,30463.2,214379.2
1781169409210,XRPUSDT,1.1166,1.1167,30463.2,215554.8
1781169409212,XRPUSDT,1.1166,1.1167,30455.4,215554.8
1781169409216,XRPUSDT,1.1166,1.1167,30469.7,215554.8
1781169409228,XRPUSDT,1.1166,1.1167,30874.7,215554.8
1781169409228,XRPUSDT,1.1166,1.1167,30870.2,215554.8
1781169409357,XRPUSDT,1.1166,1.1167,44689.9,215554.8
1781169409359,XRPUSDT,1.1166,1.1167,44694.4,215554.8
1781169409359,XRPUSDT,1.1166,1.1167,44694.4,215550.3
1781169409359,XRPUSDT,1.1166,1.1167,44694.4,214374.7
1781169409359,XRPUSDT,1.1166,1.1167,44695.0,214374.7
1781169409365,XRPUSDT,1.1166,1.1167,30875.3,214374.7
1781169409366,XRPUSDT,1.1166,1.1167,30860.5,214374.7
1781169409367,XRPUSDT,1.1166,1.1167,30860.5,214379.2
1781169409367,XRPUSDT,1.1166,1.1167,30875.3,214379.2
1781169409378,XRPUSDT,1.1166,1.1167,30875.3,215554.8
1781169409418,XRPUSDT,1.1166,1.1167,28513.7,215554.8
1781169409465,XRPUSDT,1.1166,1.1167,28479.2,215554.8
1781169409466,XRPUSDT,1.1166,1.1167,30003.5,215554.8
1781169409472,XRPUSDT,1.1166,1.1167,30039.0,215554.8
1781169409489,XRPUSDT,1.1166,1.1167,28282.6,215554.8
1781169409490,XRPUSDT,1.1166,1.1167,27865.8,215554.8
1781169409490,XRPUSDT,1.1166,1.1167,27596.3,215554.8
1781169409495,XRPUSDT,1.1166,1.1167,26072.0,215554.8
1781169409503,XRPUSDT,1.1166,1.1167,27596.3,215554.8
1781169409510,XRPUSDT,1.1166,1.1167,28107.2,215554.8
1781169409511,XRPUSDT,1.1166,1.1167,28102.7,215554.8
1781169409522,XRPUSDT,1.1166,1.1167,26578.4,215554.8
1781169409523,XRPUSDT,1.1166,1.1167,28102.7,215554.8
1781169409525,XRPUSDT,1.1166,1.1167,28107.2,215554.8
1781169409550,XRPUSDT,1.1166,1.1167,26582.9,215554.8
1781169409777,XRPUSDT,1.1166,1.1167,26813.2,215554.8
1781169409779,XRPUSDT,1.1166,1.1167,28337.5,215554.8
1781169409780,XRPUSDT,1.1166,1.1167,28333.0,215554.8
1781169409806,XRPUSDT,1.1166,1.1167,26808.7,215554.8
1781169410120,XRPUSDT,1.1166,1.1167,26808.7,215469.8
1781169410121,XRPUSDT,1.1166,1.1167,28333.0,215469.8
1781169410123,XRPUSDT,1.1166,1.1167,28337.5,215469.8
1781169410132,XRPUSDT,1.1166,1.1167,26813.2,215469.8
1781169410169,XRPUSDT,1.1166,1.1167,26813.2,215480.3
1781169410170,XRPUSDT,1.1166,1.1167,28337.5,215480.3
1781169410171,XRPUSDT,1.1166,1.1167,28333.0,215480.3
1781169410187,XRPUSDT,1.1166,1.1167,19787.9,215480.3
1781169410188,XRPUSDT,1.1166,1.1167,18263.6,215480.3
1781169410189,XRPUSDT,1.1166,1.1167,18248.8,215480.3
1781169410189,XRPUSDT,1.1166,1.1167,18253.3,215480.3
1781169410189,XRPUSDT,1.1166,1.1167,18253.3,224342.6
1781169410190,XRPUSDT,1.1166,1.1167,18268.1,224342.6
1781169410190,XRPUSDT,1.1166,1.1167,18268.1,224338.1
1781169410190,XRPUSDT,1.1166,1.1167,18268.1,224338.7
1781169410191,XRPUSDT,1.1166,1.1167,18268.1,224343.2
1781169410194,XRPUSDT,1.1166,1.1167,18715.7,224343.2
1781169410196,XRPUSDT,1.1166,1.1167,18711.2,224343.2
1781169410230,XRPUSDT,1.1166,1.1167,18698.0,224343.2
1781169410231,XRPUSDT,1.1166,1.1167,20222.3,224343.2
1781169410233,XRPUSDT,1.1166,1.1167,20226.8,224343.2
1781169410235,XRPUSDT,1.1166,1.1167,20239.2,224343.2
1781169410242,XRPUSDT,1.1166,1.1167,18714.9,224343.2
1781169410268,XRPUSDT,1.1166,1.1167,18714.9,219550.4
1781169410301,XRPUSDT,1.1166,1.1167,18625.8,219550.4
1781169410302,XRPUSDT,1.1166,1.1167,20150.1,219550.4
1781169410324,XRPUSDT,1.1166,1.1167,18625.8,219550.4
1781169410825,XRPUSDT,1.1166,1.1167,18602.2,219550.4
1781169410826,XRPUSDT,1.1166,1.1167,20126.5,219550.4
1781169410828,XRPUSDT,1.1166,1.1167,20147.5,219550.4
1781169410832,XRPUSDT,1.1166,1.1167,18623.2,219550.4
1781169411038,XRPUSDT,1.1166,1.1167,18623.2,219579.1
1781169411040,XRPUSDT,1.1166,1.1167,20147.5,219579.1
1781169411040,XRPUSDT,1.1166,1.1167,20143.0,219579.1
1781169411062,XRPUSDT,1.1166,1.1167,18618.7,219579.1
1781169411285,XRPUSDT,1.1166,1.1167,18604.4,219579.1
1781169411287,XRPUSDT,1.1166,1.1167,20128.7,219579.1
1781169411288,XRPUSDT,1.1166,1.1167,20133.2,219579.1
1781169411289,XRPUSDT,1.1166,1.1167,20147.4,219579.1
1781169411304,XRPUSDT,1.1166,1.1167,18623.1,219579.1
1781169411556,XRPUSDT,1.1166,1.1167,18623.1,210716.8
1781169411558,XRPUSDT,1.1166,1.1167,27485.4,210716.8
1781169411558,XRPUSDT,1.1166,1.1167,29009.7,210716.8
1781169411558,XRPUSDT,1.1166,1.1167,29005.2,210716.8
1781169411559,XRPUSDT,1.1166,1.1167,28990.4,210716.8
1781169411559,XRPUSDT,1.1166,1.1167,28989.8,210716.8
1781169411559,XRPUSDT,1.1166,1.1167,29004.6,210716.8
1781169411561,XRPUSDT,1.1166,1.1167,29009.1,210716.8
1781169411584,XRPUSDT,1.1166,1.1167,27484.8,210716.8
1781169411599,XRPUSDT,1.1166,1.1167,28920.6,210716.8
1781169411612,XRPUSDT,1.1166,1.1167,27484.8,210716.8
1781169411643,XRPUSDT,1.1166,1.1167,27492.9,210716.8
1781169411645,XRPUSDT,1.1166,1.1167,28928.7,210716.8
1781169411646,XRPUSDT,1.1166,1.1167,28924.2,210716.8
1781169411666,XRPUSDT,1.1166,1.1167,27488.4,210716.8
1781169411685,XRPUSDT,1.1166,1.1167,27515.8,210716.8
1781169411687,XRPUSDT,1.1166,1.1167,27520.3,210716.8
1781169411749,XRPUSDT,1.1166,1.1167,27512.2,210716.8
1781169411750,XRPUSDT,1.1166,1.1167,28948.0,210716.8
1781169411751,XRPUSDT,1.1166,1.1167,28943.5,210716.8
1781169411776,XRPUSDT,1.1166,1.1167,27507.7,210716.8
1781169411804,XRPUSDT,1.1166,1.1167,27507.7,210725.0
1781169411805,XRPUSDT,1.1166,1.1167,27512.2,210725.0
1781169411805,XRPUSDT,1.1166,1.1167,28948.0,210725.0
1781169411825,XRPUSDT,1.1166,1.1167,28940.8,210725.0
1781169411830,XRPUSDT,1.1166,1.1167,27505.0,210725.0
1781169411861,XRPUSDT,1.1166,1.1167,27484.0,210725.0
1781169411863,XRPUSDT,1.1166,1.1167,28919.8,210725.0
1781169411864,XRPUSDT,1.1166,1.1167,28915.3,210725.0
1781169411868,XRPUSDT,1.1166,1.1167,28936.4,210725.0
1781169411869,XRPUSDT,1.1166,1.1167,28940.9,210725.0
1781169411886,XRPUSDT,1.1166,1.1167,27505.1,210725.0
1781169411888,XRPUSDT,1.1166,1.1167,28940.9,210725.0
1781169411914,XRPUSDT,1.1166,1.1167,27505.1,210725.0
1781169412190,XRPUSDT,1.1166,1.1167,27477.7,210725.0
1781169412191,XRPUSDT,1.1166,1.1167,28913.5,210725.0
1781169412193,XRPUSDT,1.1166,1.1167,28940.3,210725.0
1781169412204,XRPUSDT,1.1166,1.1167,27504.5,210725.0
1781169412230,XRPUSDT,1.1166,1.1167,28940.3,210725.0
1781169412232,XRPUSDT,1.1166,1.1167,27504.5,210725.0
1781169412265,XRPUSDT,1.1166,1.1167,27504.5,210937.4
1781169412266,XRPUSDT,1.1166,1.1167,28940.3,210937.4
1781169412267,XRPUSDT,1.1166,1.1167,28940.3,215730.2
1781169412267,XRPUSDT,1.1166,1.1167,28935.8,215730.2
1781169412269,XRPUSDT,1.1166,1.1167,28935.8,215725.7
1781169412270,XRPUSDT,1.1166,1.1167,28940.3,215725.7
1781169412270,XRPUSDT,1.1166,1.1167,28940.3,215725.1
1781169412270,XRPUSDT,1.1166,1.1167,28940.3,215729.6
1781169412286,XRPUSDT,1.1166,1.1167,27504.5,215729.6
1781169412477,XRPUSDT,1.1166,1.1167,27480.7,215729.6
1781169412478,XRPUSDT,1.1166,1.1167,28916.5,215729.6
1781169412479,XRPUSDT,1.1166,1.1167,28901.7,215729.6
1781169412480,XRPUSDT,1.1166,1.1167,28916.5,215729.6
1781169412487,XRPUSDT,1.1166,1.1167,28916.5,224591.9
1781169412488,XRPUSDT,1.1166,1.1167,28916.5,224587.4
1781169412488,XRPUSDT,1.1166,1.1167,28916.5,224588.0
1781169412494,XRPUSDT,1.1166,1.1167,27480.7,224588.0
1781169412496,XRPUSDT,1.1166,1.1167,28916.5,224588.0
1781169412497,XRPUSDT,1.1166,1.1167,28916.5,224592.5
1781169412510,XRPUSDT,1.1166,1.1167,29373.9,224592.5
1781169412511,XRPUSDT,1.1166,1.1167,29369.4,224592.5
1781169412523,XRPUSDT,1.1166,1.1167,27933.6,224592.5
1781169412710,XRPUSDT,1.1166,1.1167,27925.5,224592.5
1781169412711,XRPUSDT,1.1166,1.1167,29361.3,224592.5
1781169412712,XRPUSDT,1.1166,1.1167,29365.8,224592.5
1781169412713,XRPUSDT,1.1166,1.1167,29373.1,224592.5
1781169412730,XRPUSDT,1.1166,1.1167,27937.3,224592.5
1781169412732,XRPUSDT,1.1166,1.1167,29373.1,224592.5
1781169412758,XRPUSDT,1.1166,1.1167,27937.3,224592.5
1781169413046,XRPUSDT,1.1166,1.1167,19075.0,224592.5
1781169413047,XRPUSDT,1.1166,1.1167,17407.8,224592.5
1781169413048,XRPUSDT,1.1166,1.1167,18843.6,224592.5
1781169413054,XRPUSDT,1.1166,1.1167,18919.6,224592.5
1781169413068,XRPUSDT,1.1166,1.1167,13919.6,224592.5
1781169413068,XRPUSDT,1.1166,1.1167,12483.8,224592.5
1781169413069,XRPUSDT,1.1166,1.1167,12469.0,224592.5
1781169413070,XRPUSDT,1.1166,1.1167,12199.5,224592.5
1781169413070,XRPUSDT,1.1166,1.1167,12214.3,224592.5
1781169413119,XRPUSDT,1.1166,1.1167,12207.1,224592.5
1781169413119,XRPUSDT,1.1166,1.1167,13642.9,224592.5
1781169413120,XRPUSDT,1.1166,1.1167,13638.4,224592.5
1781169413125,XRPUSDT,1.1166,1.1167,12202.6,224592.5
1781169413169,XRPUSDT,1.1166,1.1167,12202.6,224603.0
1781169413171,XRPUSDT,1.1166,1.1167,12207.1,224603.0
1781169413172,XRPUSDT,1.1166,1.1167,13642.9,224603.0
1781169413180,XRPUSDT,1.1166,1.1167,12207.1,224603.0
1781169413289,XRPUSDT,1.1166,1.1167,12220.6,224603.0
1781169413290,XRPUSDT,1.1166,1.1167,12216.1,224603.0
1781169413291,XRPUSDT,1.1166,1.1167,9664.6,224603.0
1781169413291,XRPUSDT,1.1166,1.1167,11100.4,224603.0
1781169413309,XRPUSDT,1.1166,1.1167,5922.3,224603.0
1781169413310,XRPUSDT,1.1166,1.1167,5917.8,224603.0
1781169413311,XRPUSDT,1.1166,1.1167,5903.0,224603.0
1781169413311,XRPUSDT,1.1166,1.1167,5907.5,224603.0
1781169413311,XRPUSDT,1.1166,1.1167,5922.3,224603.0
1781169413315,XRPUSDT,1.1166,1.1167,4486.5,224603.0
1781169413359,XRPUSDT,1.1166,1.1167,4451.0,224603.0
1781169413365,XRPUSDT,1.1166,1.1167,4486.6,224603.0
1781169413411,XRPUSDT,1.1166,1.1167,4486.6,224620.8
1781169413411,XRPUSDT,1.1166,1.1167,4477.5,224620.8
1781169413478,XRPUSDT,1.1166,1.1167,4456.4,224620.8
1781169413480,XRPUSDT,1.1166,1.1167,4501.7,224620.8
1781169413613,XRPUSDT,1.1166,1.1167,5213.7,224620.8
1781169413613,XRPUSDT,1.1166,1.1167,5209.2,224620.8
1781169413709,XRPUSDT,1.1166,1.1167,5194.4,224620.8
1781169413710,XRPUSDT,1.1166,1.1167,2680.4,224620.8
1781169413712,XRPUSDT,1.1165,1.1166,11487.7,1253.9
1781169413712,XRPUSDT,1.1165,1.1166,11487.7,7633.7
1781169413712,XRPUSDT,1.1165,1.1166,11487.7,8088.8
1781169413713,XRPUSDT,1.1165,1.1166,11487.7,15107.0
1781169413713,XRPUSDT,1.1165,1.1166,11487.7,18492.6
1781169413713,XRPUSDT,1.1165,1.1166,11487.7,18672.9
1781169413713,XRPUSDT,1.1165,1.1166,11487.7,18855.6
1781169413713,XRPUSDT,1.1165,1.1166,11487.7,22006.2
1781169413714,XRPUSDT,1.1165,1.1166,11487.7,22148.8
1781169413714,XRPUSDT,1.1165,1.1166,11487.7,22917.8
1781169413714,XRPUSDT,1.1165,1.1166,11487.7,23721.8
1781169413714,XRPUSDT,1.1165,1.1166,11487.7,25321.8
1781169413715,XRPUSDT,1.1165,1.1166,11487.7,33507.3
1781169413715,XRPUSDT,1.1165,1.1166,11487.7,34322.7
1781169413715,XRPUSDT,1.1165,1.1166,11487.7,35073.5
1781169413715,XRPUSDT,1.1165,1.1166,11483.1,35073.5
1781169413715,XRPUSDT,1.1165,1.1166,11483.1,35078.9
1781169413715,XRPUSDT,1.1165,1.1166,11483.1,35898.2
1781169413716,XRPUSDT,1.1165,1.1166,11478.5,35898.2
1781169413716,XRPUSDT,1.1165,1.1166,11478.5,45515.9
1781169413716,XRPUSDT,1.1165,1.1166,6478.5,45515.9
1781169413716,XRPUSDT,1.1165,1.1166,6478.5,46161.2
1781169413716,XRPUSDT,1.1165,1.1166,6478.5,48448.0
1781169413717,XRPUSDT,1.1165,1.1166,6478.5,49048.0
1781169413717,XRPUSDT,1.1165,1.1166,6473.9,49048.0
1781169413717,XRPUSDT,1.1165,1.1166,6473.9,49846.8
1781169413717,XRPUSDT,1.1165,1.1166,6473.9,52917.0
1781169413717,XRPUSDT,1.1165,1.1166,6473.9,53677.9
1781169413718,XRPUSDT,1.1165,1.1166,6469.4,53677.9
1781169413718,XRPUSDT,1.1165,1.1166,6469.4,54560.8
1781169413718,XRPUSDT,1.1165,1.1166,6469.4,55364.4
1781169413718,XRPUSDT,1.1165,1.1166,6469.4,56128.4
1781169413719,XRPUSDT,1.1165,1.1166,6469.4,56133.0
1781169413719,XRPUSDT,1.1165,1.1166,6469.4,56137.5
1781169413719,XRPUSDT,1.1165,1.1166,6469.4,56142.5
1781169413719,XRPUSDT,1.1165,1.1166,6359.9,56142.5
1781169413719,XRPUSDT,1.1165,1.1166,6359.9,57142.5
1781169413719,XRPUSDT,1.1165,1.1166,6359.9,66004.8
1781169413720,XRPUSDT,1.1165,1.1166,6359.9,66014.6
1781169413721,XRPUSDT,1.1165,1.1166,6359.9,66023.4
1781169413721,XRPUSDT,1.1165,1.1166,6240.4,66023.4
1781169413721,XRPUSDT,1.1165,1.1166,6240.4,88351.9
1781169413722,XRPUSDT,1.1165,1.1166,6240.4,88356.5
1781169413722,XRPUSDT,1.1165,1.1166,6240.4,96994.2
1781169413722,XRPUSDT,1.1165,1.1166,6268.7,96994.2
1781169413722,XRPUSDT,1.1165,1.1166,6268.7,104192.2
1781169413722,XRPUSDT,1.1165,1.1166,6268.7,103546.9
1781169413723,XRPUSDT,1.1165,1.1166,6268.7,103551.5
1781169413723,XRPUSDT,1.1165,1.1166,2968.7,103551.5
1781169413723,XRPUSDT,1.1165,1.1166,2729.0,103551.5
1781169413723,XRPUSDT,1.1165,1.1166,3441.0,103551.5
1781169413723,XRPUSDT,1.1165,1.1166,3441.0,105021.9
1781169413724,XRPUSDT,1.1165,1.1166,3441.0,106101.3
1781169413726,XRPUSDT,1.1165,1.1166,3441.0,106234.8
1781169413727,XRPUSDT,1.1165,1.1166,3441.0,106368.3
1781169413727,XRPUSDT,1.1165,1.1166,3441.0,106501.8
1781169413775,XRPUSDT,1.1165,1.1166,3441.0,84173.3
1781169413776,XRPUSDT,1.1165,1.1166,3441.0,83369.7
1781169413776,XRPUSDT,1.1165,1.1166,3441.0,82605.7
1781169413776,XRPUSDT,1.1165,1.1166,3441.0,82702.6
1781169413889,XRPUSDT,1.1165,1.1166,3441.0,82251.4
1781169413929,XRPUSDT,1.1165,1.1166,3441.0,82371.6
1781169413972,XRPUSDT,1.1165,1.1166,3441.0,82386.4
1781169413973,XRPUSDT,1.1165,1.1166,3455.8,82386.4
1781169414062,XRPUSDT,1.1165,1.1166,3455.8,82391.8
1781169414161,XRPUSDT,1.1165,1.1166,3455.8,82409.6
1781169414219,XRPUSDT,1.1165,1.1166,3455.8,81713.0
1781169414245,XRPUSDT,1.1165,1.1166,3455.8,81934.9
1781169414246,XRPUSDT,1.1165,1.1166,3460.3,81934.9
1781169414246,XRPUSDT,1.1165,1.1166,3460.3,81939.4
1781169414286,XRPUSDT,1.1165,1.1166,3460.3,81921.6
1781169414342,XRPUSDT,1.1165,1.1166,3397.5,81921.6
1781169414343,XRPUSDT,1.1165,1.1166,3402.1,81921.6
1781169414343,XRPUSDT,1.1165,1.1166,3407.1,81921.6
1781169414390,XRPUSDT,1.1165,1.1166,3139.6,81921.6
1781169414409,XRPUSDT,1.1165,1.1166,3139.6,80245.7
1781169414462,XRPUSDT,1.1165,1.1166,3139.6,80051.7
1781169414617,XRPUSDT,1.1165,1.1166,3139.6,80069.5
1781169414850,XRPUSDT,1.1165,1.1166,6290.6,80069.5
1781169414850,XRPUSDT,1.1165,1.1166,6290.6,72871.5
1781169414851,XRPUSDT,1.1165,1.1166,6290.6,72271.5
1781169414851,XRPUSDT,1.1165,1.1166,6275.8,72271.5
1781169414851,XRPUSDT,1.1165,1.1166,6275.2,72271.5
1781169414852,XRPUSDT,1.1165,1.1166,6275.2,63633.8
1781169414852,XRPUSDT,1.1165,1.1166,6270.7,63633.8
1781169414852,XRPUSDT,1.1165,1.1166,6270.7,62750.9
1781169414852,XRPUSDT,1.1165,1.1166,6285.5,62750.9
1781169414853,XRPUSDT,1.1165,1.1166,10060.2,62750.9
1781169414853,XRPUSDT,1.1165,1.1166,10060.2,62733.1
1781169414853,XRPUSDT,1.1165,1.1166,10060.2,53115.4
1781169414853,XRPUSDT,1.1165,1.1166,10060.2,52316.6
1781169414853,XRPUSDT,1.1165,1.1166,10064.7,52316.6
1781169414854,XRPUSDT,1.1165,1.1166,10064.7,51555.7
1781169414854,XRPUSDT,1.1165,1.1166,10263.6,51555.7
1781169414854,XRPUSDT,1.1165,1.1166,10263.6,50736.4
1781169414854,XRPUSDT,1.1165,1.1166,10263.6,47666.2
1781169414854,XRPUSDT,1.1165,1.1166,10263.6,46915.4
1781169414855,XRPUSDT,1.1165,1.1166,10263.6,45915.4
1781169414855,XRPUSDT,1.1165,1.1166,10263.6,45100.0
1781169414855,XRPUSDT,1.1165,1.1166,10263.6,44296.0
1781169414860,XRPUSDT,1.1165,1.1166,13763.6,44296.0
1781169414862,XRPUSDT,1.1165,1.1166,13759.1,44296.0
1781169414862,XRPUSDT,1.1165,1.1166,13744.3,44296.0
1781169414862,XRPUSDT,1.1165,1.1166,13744.9,44296.0
1781169414862,XRPUSDT,1.1165,1.1166,13955.3,44296.0
1781169414863,XRPUSDT,1.1165,1.1166,13959.8,44296.0
1781169414951,XRPUSDT,1.1165,1.1166,13959.8,44287.2
1781169414952,XRPUSDT,1.1165,1.1166,13974.6,44287.2
1781169414954,XRPUSDT,1.1165,1.1166,18974.6,44287.2
1781169414955,XRPUSDT,1.1165,1.1166,18970.1,44287.2
1781169414955,XRPUSDT,1.1165,1.1166,18969.5,44287.2
1781169414956,XRPUSDT,1.1165,1.1166,18969.5,43518.2
1781169415018,XRPUSDT,1.1165,1.1166,13969.5,43518.2
1781169415019,XRPUSDT,1.1165,1.1166,13770.6,43518.2
1781169415020,XRPUSDT,1.1165,1.1166,13775.1,43518.2
1781169415020,XRPUSDT,1.1165,1.1166,13564.7,43518.2
1781169415060,XRPUSDT,1.1165,1.1166,13564.7,43335.5
1781169415204,XRPUSDT,1.1165,1.1166,13564.7,43344.1
1781169415211,XRPUSDT,1.1165,1.1166,9790.0,43344.1
1781169415211,XRPUSDT,1.1165,1.1166,9775.2,43344.1
1781169415212,XRPUSDT,1.1165,1.1166,9790.0,43344.1
1781169415214,XRPUSDT,1.1165,1.1166,6290.0,43344.1
1781169415242,XRPUSDT,1.1165,1.1166,6290.0,43456.7
1781169415308,XRPUSDT,1.1165,1.1166,6290.0,43552.4
1781169415464,XRPUSDT,1.1165,1.1166,11290.0,43552.4
1781169415465,XRPUSDT,1.1165,1.1166,11285.5,43552.4
1781169415465,XRPUSDT,1.1165,1.1166,11286.1,43552.4
1781169415466,XRPUSDT,1.1165,1.1166,11290.9,43552.4
1781169415468,XRPUSDT,1.1165,1.1166,11295.4,43552.4
1781169415510,XRPUSDT,1.1165,1.1166,11707.7,43552.4
1781169415511,XRPUSDT,1.1165,1.1166,11703.2,43552.4
1781169415711,XRPUSDT,1.1165,1.1166,10991.2,43552.4
1781169415712,XRPUSDT,1.1165,1.1166,11491.2,43552.4
1781169415713,XRPUSDT,1.1165,1.1166,11476.4,43552.4
1781169415713,XRPUSDT,1.1165,1.1166,11480.9,43552.4
1781169415713,XRPUSDT,1.1165,1.1166,11495.7,43552.4
1781169415824,XRPUSDT,1.1165,1.1166,11488.5,43552.4
1781169416264,XRPUSDT,1.1165,1.1166,11488.5,42612.8
1781169416265,XRPUSDT,1.1165,1.1166,11488.5,43309.9
1781169416308,XRPUSDT,1.1165,1.1166,11591.4,43309.9
1781169416308,XRPUSDT,1.1165,1.1166,11586.9,43309.9
1781169416348,XRPUSDT,1.1165,1.1166,11586.9,43333.3
1781169416349,XRPUSDT,1.1165,1.1166,11591.4,43333.3
1781169416730,XRPUSDT,1.1165,1.1166,14491.4,43333.3
1781169416732,XRPUSDT,1.1165,1.1166,14486.9,43333.3
1781169416732,XRPUSDT,1.1165,1.1166,14486.3,43333.3
1781169416790,XRPUSDT,1.1165,1.1166,9486.3,43333.3
1781169416792,XRPUSDT,1.1165,1.1166,9490.8,43333.3
1781169416883,XRPUSDT,1.1165,1.1166,9490.8,43338.5
1781169417027,XRPUSDT,1.1165,1.1166,9490.8,43038.5
1781169417042,XRPUSDT,1.1165,1.1166,14490.8,43038.5
1781169417044,XRPUSDT,1.1165,1.1166,14476.0,43038.5
1781169417044,XRPUSDT,1.1165,1.1166,14471.5,43038.5
1781169417044,XRPUSDT,1.1165,1.1166,14472.1,43038.5
1781169417044,XRPUSDT,1.1165,1.1166,14486.9,43038.5
1781169417046,XRPUSDT,1.1165,1.1166,14491.4,43038.5
1781169417118,XRPUSDT,1.1165,1.1166,14484.2,43038.5
1781169417181,XRPUSDT,1.1165,1.1166,14484.2,43071.0
1781169417403,XRPUSDT,1.1165,1.1166,14528.7,43071.0
1781169417405,XRPUSDT,1.1165,1.1166,14425.8,43071.0
1781169417409,XRPUSDT,1.1165,1.1166,14532.8,43071.0
1781169417414,XRPUSDT,1.1165,1.1166,14532.8,42958.4
1781169417419,XRPUSDT,1.1165,1.1166,14532.8,43070.2
1781169417484,XRPUSDT,1.1165,1.1166,14487.2,43070.2
1781169417494,XRPUSDT,1.1165,1.1166,11587.2,43070.2
1781169417497,XRPUSDT,1.1165,1.1166,11587.2,42974.5
1781169417502,XRPUSDT,1.1165,1.1166,11587.2,43069.2
1781169417648,XRPUSDT,1.1165,1.1166,11587.2,42441.0
1781169417968,XRPUSDT,1.1165,1.1166,11582.0,42441.0
1781169417982,XRPUSDT,1.1165,1.1166,11577.4,42441.0
1781169418053,XRPUSDT,1.1165,1.1166,11577.4,42450.4
1781169418074,XRPUSDT,1.1165,1.1166,11577.4,42355.7
1781169418078,XRPUSDT,1.1165,1.1166,11577.4,42450.9
1781169418186,XRPUSDT,1.1165,1.1166,11577.4,42418.4
1781169418189,XRPUSDT,1.1165,1.1166,11577.4,42450.3
1781169418414,XRPUSDT,1.1165,1.1166,11470.4,42450.3
1781169418419,XRPUSDT,1.1165,1.1166,11615.9,42450.3
1781169418424,XRPUSDT,1.1165,1.1166,11615.9,42444.2
1781169418445,XRPUSDT,1.1165,1.1166,11615.9,42332.4
1781169418451,XRPUSDT,1.1165,1.1166,11615.9,42445.8
1781169418511,XRPUSDT,1.1165,1.1166,12042.3,42445.8
1781169418511,XRPUSDT,1.1165,1.1166,12037.8,42445.8
1781169418582,XRPUSDT,1.1165,1.1166,12037.8,42350.6
1781169418586,XRPUSDT,1.1165,1.1166,12037.8,42447.6
1781169418588,XRPUSDT,1.1165,1.1166,12042.3,42447.6
1781169418685,XRPUSDT,1.1165,1.1166,12042.3,41750.5
1781169418690,XRPUSDT,1.1165,1.1166,12134.8,41750.5
1781169418695,XRPUSDT,1.1165,1.1166,12042.3,41750.5
1781169418880,XRPUSDT,1.1165,1.1166,12141.2,41750.5
1781169419014,XRPUSDT,1.1165,1.1166,12042.3,41750.5
1781169419171,XRPUSDT,1.1165,1.1166,12042.3,41782.0
1781169419298,XRPUSDT,1.1165,1.1166,12042.3,41560.1
1781169419410,XRPUSDT,1.1165,1.1166,12033.5,41560.1
1781169419426,XRPUSDT,1.1165,1.1166,11888.0,41560.1
1781169419433,XRPUSDT,1.1165,1.1166,12022.7,41560.1
1781169419591,XRPUSDT,1.1165,1.1166,12022.7,41719.3
1781169419677,XRPUSDT,1.1165,1.1166,12031.6,41719.3
1781169419703,XRPUSDT,1.1165,1.1166,12031.6,41560.1
1781169419744,XRPUSDT,1.1165,1.1166,12031.6,41551.5
1781169419825,XRPUSDT,1.1165,1.1166,12024.4,41551.5
1781169419887,XRPUSDT,1.1165,1.1166,12135.3,41551.5
1781169419888,XRPUSDT,1.1165,1.1166,12130.8,41551.5
1781169420003,XRPUSDT,1.1165,1.1166,12135.3,41551.5
1781169420006,XRPUSDT,1.1165,1.1166,12139.8,41551.5
1781169420006,XRPUSDT,1.1165,1.1166,12139.8,41556.0
1781169420008,XRPUSDT,1.1165,1.1166,12135.3,41556.0
1781169420010,XRPUSDT,1.1165,1.1166,12135.3,41659.8
1781169420110,XRPUSDT,1.1165,1.1166,12135.3,41471.7
1781169420132,XRPUSDT,1.1165,1.1166,12205.6,41471.7
1781169420162,XRPUSDT,1.1165,1.1166,12205.6,41636.4
1781169420174,XRPUSDT,1.1165,1.1166,12205.6,41629.6
1781169420187,XRPUSDT,1.1165,1.1166,12205.6,41758.3
1781169420187,XRPUSDT,1.1165,1.1166,12265.1,41758.3
1781169420188,XRPUSDT,1.1165,1.1166,12260.6,41758.3
1781169420188,XRPUSDT,1.1165,1.1166,12260.6,41753.8
1781169420254,XRPUSDT,1.1165,1.1166,12260.6,41589.1
1781169420270,XRPUSDT,1.1165,1.1166,12260.6,41593.9
1781169420271,XRPUSDT,1.1165,1.1166,12260.6,41598.4
1781169420271,XRPUSDT,1.1165,1.1166,12265.1,41598.4
1781169420284,XRPUSDT,1.1165,1.1166,12265.1,41573.2
1781169420318,XRPUSDT,1.1165,1.1166,12265.1,41581.4
1781169420322,XRPUSDT,1.1165,1.1166,12265.1,41744.7
1781169420367,XRPUSDT,1.1165,1.1166,12303.0,41744.7
1781169420371,XRPUSDT,1.1165,1.1166,12307.6,41744.7
1781169420398,XRPUSDT,1.1165,1.1166,12307.6,41581.4
1781169420399,XRPUSDT,1.1165,1.1166,12345.7,41581.4
1781169420412,XRPUSDT,1.1165,1.1166,12301.2,41581.4
1781169420417,XRPUSDT,1.1165,1.1166,12306.2,41581.4
1781169420428,XRPUSDT,1.1165,1.1166,12343.7,41581.4
1781169420476,XRPUSDT,1.1165,1.1166,12209.0,41581.4
1781169420482,XRPUSDT,1.1165,1.1166,12350.9,41581.4
1781169420484,XRPUSDT,1.1165,1.1166,12346.4,41581.4
1781169420746,XRPUSDT,1.1165,1.1166,12338.5,41581.4
1781169420750,XRPUSDT,1.1165,1.1166,12333.9,41581.4
1781169420752,XRPUSDT,1.1165,1.1166,12333.9,41674.5
1781169420753,XRPUSDT,1.1165,1.1166,12338.4,41674.5
1781169420822,XRPUSDT,1.1165,1.1166,8473.5,41674.5
1781169420824,XRPUSDT,1.1165,1.1166,8473.5,44825.5
1781169420824,XRPUSDT,1.1165,1.1166,6883.4,44825.5
1781169420825,XRPUSDT,1.1165,1.1166,6888.4,44825.5
1781169420825,XRPUSDT,1.1165,1.1166,6888.4,44821.0
1781169420826,XRPUSDT,1.1165,1.1166,6893.0,44821.0
1781169420826,XRPUSDT,1.1165,1.1166,6893.0,44821.6
1781169420826,XRPUSDT,1.1165,1.1166,6893.0,44826.1
1781169420899,XRPUSDT,1.1165,1.1166,3118.3,44826.1
1781169420901,XRPUSDT,1.1165,1.1166,3103.5,44826.1
1781169420901,XRPUSDT,1.1165,1.1166,3103.5,47858.1
1781169420901,XRPUSDT,1.1165,1.1166,3118.3,47858.1
1781169420902,XRPUSDT,1.1164,1.1165,19141.5,2919.3
1781169420902,XRPUSDT,1.1164,1.1165,19141.5,3102.0
1781169420902,XRPUSDT,1.1164,1.1165,19141.5,6487.6
1781169420902,XRPUSDT,1.1164,1.1165,19141.5,6639.3
1781169420903,XRPUSDT,1.1164,1.1165,19141.5,10460.9
1781169420903,XRPUSDT,1.1164,1.1165,19141.5,11369.1
1781169420903,XRPUSDT,1.1164,1.1165,19141.5,12180.5
1781169420903,XRPUSDT,1.1164,1.1165,19141.5,12972.9
1781169420904,XRPUSDT,1.1164,1.1165,19141.5,14572.9
1781169420904,XRPUSDT,1.1164,1.1165,19141.5,18347.6
1781169420904,XRPUSDT,1.1164,1.1165,19136.8,18347.6
1781169420904,XRPUSDT,1.1164,1.1165,19136.8,21498.2
1781169420905,XRPUSDT,1.1164,1.1165,19136.8,28516.4
1781169420905,XRPUSDT,1.1164,1.1165,19136.8,29263.0
1781169420905,XRPUSDT,1.1164,1.1165,19132.3,29263.0
1781169420905,XRPUSDT,1.1164,1.1165,19132.3,31657.9
1781169420905,XRPUSDT,1.1164,1.1165,19132.3,33882.7
1781169420905,XRPUSDT,1.1164,1.1165,19132.3,34788.9
1781169420906,XRPUSDT,1.1164,1.1165,19132.3,37075.7
1781169420906,XRPUSDT,1.1164,1.1165,19132.3,37256.0
1781169420906,XRPUSDT,1.1164,1.1165,19127.7,37256.0
1781169420906,XRPUSDT,1.1164,1.1165,19127.7,37438.7
1781169420906,XRPUSDT,1.1164,1.1165,19127.7,37444.1
1781169420907,XRPUSDT,1.1164,1.1165,19123.1,37444.1
1781169420907,XRPUSDT,1.1164,1.1165,19118.4,37444.1
1781169420907,XRPUSDT,1.1164,1.1165,19118.4,38249.3
1781169420907,XRPUSDT,1.1164,1.1165,19118.4,38401.0
1781169420907,XRPUSDT,1.1164,1.1165,19118.4,39179.4
1781169420908,XRPUSDT,1.1164,1.1165,19118.4,41574.3
1781169420908,XRPUSDT,1.1164,1.1165,19118.4,42469.1
1781169420908,XRPUSDT,1.1164,1.1165,14136.7,42469.1
1781169420908,XRPUSDT,1.1164,1.1165,9136.7,42469.1
1781169420908,XRPUSDT,1.1164,1.1165,8312.8,42469.1
1781169420909,XRPUSDT,1.1164,1.1165,8312.8,43296.8
1781169420909,XRPUSDT,1.1164,1.1165,8298.0,43296.8
1781169420909,XRPUSDT,1.1164,1.1165,8298.0,43301.3
1781169420909,XRPUSDT,1.1164,1.1165,8283.2,43301.3
1781169420909,XRPUSDT,1.1164,1.1165,8268.4,43301.3
1781169420909,XRPUSDT,1.1164,1.1165,5981.6,43301.3
1781169420909,XRPUSDT,1.1164,1.1165,5981.6,41701.3
1781169420910,XRPUSDT,1.1164,1.1165,5977.1,41701.3
1781169420910,XRPUSDT,1.1164,1.1165,5962.3,41701.3
1781169420910,XRPUSDT,1.1164,1.1165,363.5,41701.3
1781169420910,XRPUSDT,1.1164,1.1165,363.5,50563.6
1781169420910,XRPUSDT,1.1164,1.1165,348.7,50563.6
1781169420911,XRPUSDT,1.1164,1.1165,348.7,53049.0
1781169420911,XRPUSDT,1.1164,1.1165,333.9,53049.0
1781169420911,XRPUSDT,1.1164,1.1165,329.4,53049.0
1781169420911,XRPUSDT,1.1164,1.1165,329.4,53649.0
1781169420911,XRPUSDT,1.1164,1.1165,314.6,53649.0
1781169420911,XRPUSDT,1.1164,1.1165,314.6,55360.1
1781169420911,XRPUSDT,1.1164,1.1165,299.8,55360.1
1781169420912,XRPUSDT,1.1164,1.1165,299.8,55369.2
1781169420912,XRPUSDT,1.1164,1.1165,299.8,61749.0
1781169420912,XRPUSDT,1.1164,1.1165,299.8,64282.2
1781169420920,XRPUSDT,1.1164,1.1165,299.8,66815.6
1781169420920,XRPUSDT,1.1164,1.1165,299.8,66820.6
1781169420921,XRPUSDT,1.1164,1.1165,299.8,67634.4
1781169420921,XRPUSDT,1.1164,1.1165,299.8,67790.8
1781169420921,XRPUSDT,1.1164,1.1165,299.8,67800.6
1781169420921,XRPUSDT,1.1164,1.1165,299.8,65405.7
1781169420921,XRPUSDT,1.1164,1.1165,299.8,65413.8
1781169420921,XRPUSDT,1.1164,1.1165,299.8,65588.7
1781169420922,XRPUSDT,1.1164,1.1165,299.8,86843.6
1781169420922,XRPUSDT,1.1164,1.1165,164.8,86843.6
1781169420922,XRPUSDT,1.1164,1.1165,164.8,86691.9
1781169420922,XRPUSDT,1.1164,1.1165,160.3,86691.9
1781169420922,XRPUSDT,1.1164,1.1165,160.3,86682.8
1781169420923,XRPUSDT,1.1164,1.1165,152.3,86682.8
1781169420923,XRPUSDT,1.1164,1.1165,152.3,86786.6
1781169420923,XRPUSDT,1.1164,1.1165,152.3,84391.7
1781169420923,XRPUSDT,1.1164,1.1165,147.7,84391.7
1781169420923,XRPUSDT,1.1164,1.1165,5147.7,84391.7
1781169420924,XRPUSDT,1.1164,1.1165,5147.7,84396.3
1781169420924,XRPUSDT,1.1164,1.1165,5147.7,81863.1
1781169420924,XRPUSDT,1.1164,1.1165,5147.7,79329.7
1781169420925,XRPUSDT,1.1164,1.1165,5147.7,79344.5
1781169420925,XRPUSDT,1.1164,1.1165,5147.1,79344.5
1781169420925,XRPUSDT,1.1164,1.1165,5147.1,79169.6
1781169420925,XRPUSDT,1.1164,1.1165,5147.1,78355.8
1781169420925,XRPUSDT,1.1164,1.1165,5147.1,57100.9
1781169420926,XRPUSDT,1.1164,1.1165,5147.1,56206.1
1781169420926,XRPUSDT,1.1164,1.1165,5147.1,55378.4
1781169420926,XRPUSDT,1.1164,1.1165,5147.1,54600.0
1781169420926,XRPUSDT,1.1164,1.1165,5151.6,54600.0
1781169420930,XRPUSDT,1.1164,1.1165,5151.6,54780.3
1781169420931,XRPUSDT,1.1164,1.1165,5151.6,54960.6
1781169420931,XRPUSDT,1.1164,1.1165,5151.6,55140.9
1781169420931,XRPUSDT,1.1164,1.1165,151.6,55140.9
1781169420931,XRPUSDT,1.1164,1.1165,151.6,54335.7
1781169420931,XRPUSDT,1.1164,1.1165,258.8,54335.7
1781169420932,XRPUSDT,1.1163,1.1164,41833.3,1687.8
1781169420932,XRPUSDT,1.1163,1.1164,41833.3,3985.5
1781169420933,XRPUSDT,1.1163,1.1164,41833.3,4835.5
1781169420933,XRPUSDT,1.1163,1.1164,41833.3,5695.8
1781169420933,XRPUSDT,1.1163,1.1164,41833.3,6463.2
1781169420933,XRPUSDT,1.1163,1.1164,41833.3,7298.6
1781169420933,XRPUSDT,1.1163,1.1164,41833.3,8898.6
1781169420933,XRPUSDT,1.1163,1.1164,41833.3,11346.7
1781169420934,XRPUSDT,1.1163,1.1164,41768.3,11346.7
1781169420934,XRPUSDT,1.1163,1.1164,41768.3,13741.9
1781169420934,XRPUSDT,1.1163,1.1164,41768.3,14504.1
1781169420934,XRPUSDT,1.1163,1.1164,41768.3,14655.8
1781169420934,XRPUSDT,1.1163,1.1164,41768.3,14838.5
1781169420934,XRPUSDT,1.1163,1.1164,41768.3,14999.5
1781169420935,XRPUSDT,1.1163,1.1164,41768.3,15008.6
1781169420935,XRPUSDT,1.1163,1.1164,41768.3,22026.8
1781169420935,XRPUSDT,1.1163,1.1164,41768.3,25177.4
1781169420935,XRPUSDT,1.1163,1.1164,41753.5,25177.4
1781169420935,XRPUSDT,1.1163,1.1164,41738.7,25177.4
1781169420935,XRPUSDT,1.1163,1.1164,37882.8,25177.4
1781169420936,XRPUSDT,1.1163,1.1164,37882.8,28563.0
1781169420936,XRPUSDT,1.1163,1.1164,37868.0,28563.0
1781169420936,XRPUSDT,1.1163,1.1164,32768.6,28563.0
1781169420936,XRPUSDT,1.1163,1.1164,32763.9,28563.0
1781169420936,XRPUSDT,1.1163,1.1164,32749.1,28563.0
1781169420937,XRPUSDT,1.1163,1.1164,32744.5,28563.0
1781169420937,XRPUSDT,1.1163,1.1164,32729.7,28563.0
1781169420937,XRPUSDT,1.1163,1.1164,32714.9,28563.0
1781169420937,XRPUSDT,1.1163,1.1164,32710.4,28563.0
1781169420937,XRPUSDT,1.1163,1.1164,32695.6,28563.0
1781169420937,XRPUSDT,1.1163,1.1164,32695.6,30849.8
1781169420937,XRPUSDT,1.1163,1.1164,32680.8,30849.8
1781169420938,XRPUSDT,1.1163,1.1164,32680.8,31030.1
1781169420938,XRPUSDT,1.1163,1.1164,32680.8,33425.3
1781169420938,XRPUSDT,1.1163,1.1164,32680.8,39805.1
1781169420938,XRPUSDT,1.1163,1.1164,32680.8,39810.5
1781169420938,XRPUSDT,1.1163,1.1164,32676.2,39810.5
1781169420938,XRPUSDT,1.1163,1.1164,32676.2,44239.9
1781169420939,XRPUSDT,1.1163,1.1164,32676.2,44244.5
1781169420939,XRPUSDT,1.1163,1.1164,32676.2,44249.0
1781169420939,XRPUSDT,1.1163,1.1164,32076.2,44249.0
1781169420939,XRPUSDT,1.1163,1.1164,32076.2,45042.6
1781169420939,XRPUSDT,1.1163,1.1164,32301.9,45042.6
1781169420939,XRPUSDT,1.1163,1.1164,32295.0,45042.6
1781169420939,XRPUSDT,1.1163,1.1164,32295.0,45052.4
1781169420940,XRPUSDT,1.1163,1.1164,32295.0,45112.8
1781169420940,XRPUSDT,1.1163,1.1164,32295.0,45712.8
1781169420940,XRPUSDT,1.1163,1.1164,32295.0,45867.0
1781169420940,XRPUSDT,1.1163,1.1164,32295.0,45871.5
1781169420940,XRPUSDT,1.1163,1.1164,32295.0,43423.4
1781169420941,XRPUSDT,1.1163,1.1164,32290.5,43423.4
1781169420942,XRPUSDT,1.1163,1.1164,32290.5,43527.2
1781169420943,XRPUSDT,1.1163,1.1164,32290.5,52389.5
1781169420944,XRPUSDT,1.1163,1.1164,32283.6,52389.5
1781169420944,XRPUSDT,1.1163,1.1164,32283.6,49994.3
1781169420944,XRPUSDT,1.1163,1.1164,32283.6,49933.9
1781169420945,XRPUSDT,1.1163,1.1164,32283.6,49965.4
1781169420945,XRPUSDT,1.1163,1.1164,32288.1,49965.4
1781169420945,XRPUSDT,1.1163,1.1164,32283.5,49965.4
1781169420945,XRPUSDT,1.1163,1.1164,32057.8,49965.4
1781169420945,XRPUSDT,1.1163,1.1164,32057.8,49171.8
1781169420946,XRPUSDT,1.1163,1.1164,32057.8,51198.1
1781169420946,XRPUSDT,1.1163,1.1164,32057.8,51043.9
1781169420946,XRPUSDT,1.1163,1.1164,32057.8,51152.8
1781169420946,XRPUSDT,1.1163,1.1164,32057.8,50385.4
1781169420946,XRPUSDT,1.1163,1.1164,32057.8,49623.2
1781169420946,XRPUSDT,1.1163,1.1164,32057.8,48787.8
1781169420947,XRPUSDT,1.1163,1.1164,32057.8,46392.6
1781169420947,XRPUSDT,1.1163,1.1164,32057.8,46503.7
1781169420949,XRPUSDT,1.1163,1.1164,32057.8,46614.8
1781169420949,XRPUSDT,1.1163,1.1164,32057.8,46725.9
1781169420949,XRPUSDT,1.1163,1.1164,32057.8,45865.6
1781169420950,XRPUSDT,1.1163,1.1164,32053.3,45865.6
1781169420950,XRPUSDT,1.1163,1.1164,31943.8,45865.6
1781169420968,XRPUSDT,1.1163,1.1164,31943.8,50654.0
1781169420970,XRPUSDT,1.1163,1.1164,26943.8,50654.0
1781169421000,XRPUSDT,1.1163,1.1164,26935.4,50654.0
1781169421001,XRPUSDT,1.1163,1.1164,26935.4,55654.0
1781169421002,XRPUSDT,1.1163,1.1164,26950.2,55654.0
1781169421004,XRPUSDT,1.1163,1.1164,26950.2,55662.7
1781169421006,XRPUSDT,1.1163,1.1164,26950.2,55677.5
1781169421048,XRPUSDT,1.1163,1.1164,26950.2,55797.7
1781169421049,XRPUSDT,1.1163,1.1164,23175.5,55797.7
1781169421081,XRPUSDT,1.1163,1.1164,20888.7,55797.7
1781169421092,XRPUSDT,1.1163,1.1164,20888.7,55826.4
1781169421092,XRPUSDT,1.1163,1.1164,20888.7,55919.5
1781169421119,XRPUSDT,1.1163,1.1164,20881.5,55919.5
1781169421119,XRPUSDT,1.1163,1.1164,12019.2,55919.5
1781169421120,XRPUSDT,1.1163,1.1164,8875.4,55919.5
1781169421120,XRPUSDT,1.1163,1.1164,8875.4,50919.5
1781169421180,XRPUSDT,1.1163,1.1164,8875.4,51548.1
1781169421190,XRPUSDT,1.1163,1.1164,8671.5,51548.1
1781169421209,XRPUSDT,1.1163,1.1164,8671.5,51676.8
1781169421212,XRPUSDT,1.1163,1.1164,8671.5,51720.5
1781169421226,XRPUSDT,1.1163,1.1164,8671.5,51733.9
1781169421270,XRPUSDT,1.1163,1.1164,8671.5,51625.0
1781169421279,XRPUSDT,1.1163,1.1164,8671.5,52037.7
1781169421415,XRPUSDT,1.1163,1.1164,8671.5,52042.7
1781169421421,XRPUSDT,1.1163,1.1164,8686.8,52042.7
1781169421453,XRPUSDT,1.1163,1.1164,8686.8,52049.1
1781169421454,XRPUSDT,1.1163,1.1164,8691.3,52049.1
1781169421454,XRPUSDT,1.1163,1.1164,8691.3,52053.6
1781169421510,XRPUSDT,1.1163,1.1164,9078.7,52053.6
1781169421511,XRPUSDT,1.1163,1.1164,9074.2,52053.6
1781169421524,XRPUSDT,1.1163,1.1164,9092.8,52053.6
1781169421525,XRPUSDT,1.1163,1.1164,9097.3,52053.6
1781169421564,XRPUSDT,1.1163,1.1164,9097.3,52040.2
1781169421597,XRPUSDT,1.1163,1.1164,9118.5,52040.2
1781169421618,XRPUSDT,1.1163,1.1164,9118.5,52045.6
1781169421702,XRPUSDT,1.1163,1.1164,9155.7,52045.6
1781169422150,XRPUSDT,1.1163,1.1164,9155.7,49758.8
1781169422150,XRPUSDT,1.1163,1.1164,9155.7,45329.4
1781169422170,XRPUSDT,1.1163,1.1164,9155.7,45339.9
1781169422175,XRPUSDT,1.1163,1.1164,9193.8,45339.9
1781169422176,XRPUSDT,1.1163,1.1164,9189.3,45339.9
1781169422314,XRPUSDT,1.1163,1.1164,9189.3,45416.5
1781169422314,XRPUSDT,1.1163,1.1164,9193.8,45416.5
1781169422421,XRPUSDT,1.1163,1.1164,9193.8,45372.8
1781169422425,XRPUSDT,1.1163,1.1164,9193.8,45414.3
1781169422488,XRPUSDT,1.1163,1.1164,9193.8,45509.2
1781169422508,XRPUSDT,1.1163,1.1164,9193.8,45532.1
1781169422533,XRPUSDT,1.1163,1.1164,9175.2,45532.1
1781169422535,XRPUSDT,1.1163,1.1164,9193.3,45532.1
1781169422697,XRPUSDT,1.1163,1.1164,9171.3,45532.1
1781169422698,XRPUSDT,1.1163,1.1164,9176.3,45532.1
1781169422698,XRPUSDT,1.1163,1.1164,9168.5,45532.1
1781169422699,XRPUSDT,1.1163,1.1164,9173.1,45532.1
1781169422758,XRPUSDT,1.1163,1.1164,9216.5,45532.1
1781169422759,XRPUSDT,1.1163,1.1164,9216.5,44932.1
1781169422902,XRPUSDT,1.1163,1.1164,9216.5,45129.5
1781169422962,XRPUSDT,1.1163,1.1164,9216.5,46129.5
1781169422963,XRPUSDT,1.1163,1.1164,9216.5,46125.0
1781169422995,XRPUSDT,1.1163,1.1164,9254.0,46125.0
1781169422996,XRPUSDT,1.1163,1.1164,9254.0,46129.5
1781169423049,XRPUSDT,1.1163,1.1164,9235.9,46129.5
1781169423058,XRPUSDT,1.1163,1.1164,9252.8,46129.5
1781169423061,XRPUSDT,1.1163,1.1164,9183.3,46129.5
1781169423097,XRPUSDT,1.1163,1.1164,9183.3,46940.5
1781169423098,XRPUSDT,1.1163,1.1164,9183.3,46936.0
1781169423255,XRPUSDT,1.1163,1.1164,9213.0,46936.0
1781169423255,XRPUSDT,1.1163,1.1164,9208.5,46936.0
1781169423256,XRPUSDT,1.1163,1.1164,9208.5,46940.5
1781169423256,XRPUSDT,1.1163,1.1164,9213.0,46940.5
1781169423333,XRPUSDT,1.1163,1.1164,9213.0,47628.1
1781169423334,XRPUSDT,1.1163,1.1164,9213.0,47623.6
1781169423427,XRPUSDT,1.1163,1.1164,9213.0,48150.2
1781169423428,XRPUSDT,1.1163,1.1164,9213.0,48154.7
1781169423476,XRPUSDT,1.1163,1.1164,9213.0,48113.2
1781169423479,XRPUSDT,1.1163,1.1164,9213.0,48151.0
1781169423562,XRPUSDT,1.1163,1.1164,9251.0,48151.0
1781169423564,XRPUSDT,1.1163,1.1164,9234.1,48151.0
1781169423567,XRPUSDT,1.1163,1.1164,9259.9,48151.0
1781169423620,XRPUSDT,1.1163,1.1164,9259.9,48474.3
1781169423771,XRPUSDT,1.1163,1.1164,9269.7,48474.3
1781169423808,XRPUSDT,1.1163,1.1164,9260.0,48474.3
1781169423825,XRPUSDT,1.1163,1.1164,9252.8,48474.3
1781169423844,XRPUSDT,1.1163,1.1164,9252.8,48797.5
1781169423845,XRPUSDT,1.1163,1.1164,9252.8,48793.0
1781169423935,XRPUSDT,1.1163,1.1164,9290.6,48793.0
1781169423936,XRPUSDT,1.1163,1.1164,9286.1,48793.0
1781169423936,XRPUSDT,1.1163,1.1164,9286.1,48797.5
1781169423938,XRPUSDT,1.1163,1.1164,9290.6,48797.5
1781169423978,XRPUSDT,1.1163,1.1164,12590.6,48797.5
1781169423979,XRPUSDT,1.1163,1.1164,12586.1,48797.5
1781169423980,XRPUSDT,1.1163,1.1164,12586.7,48797.5
1781169424071,XRPUSDT,1.1163,1.1164,12560.9,48797.5
1781169424075,XRPUSDT,1.1163,1.1164,12656.1,48797.5
1781169424076,XRPUSDT,1.1163,1.1164,12660.6,48797.5
1781169424080,XRPUSDT,1.1163,1.1164,12660.6,48774.6
1781169424083,XRPUSDT,1.1163,1.1164,12660.6,48800.4
1781169424297,XRPUSDT,1.1163,1.1164,12683.5,48800.4
1781169424430,XRPUSDT,1.1163,1.1164,14938.9,48800.4
1781169424431,XRPUSDT,1.1163,1.1164,14934.4,48800.4
1781169424431,XRPUSDT,1.1163,1.1164,14933.8,48800.4
1781169424510,XRPUSDT,1.1163,1.1164,15328.8,48800.4
1781169424512,XRPUSDT,1.1163,1.1164,15333.3,48800.4
1781169424795,XRPUSDT,1.1163,1.1164,15342.4,48800.4
1781169424803,XRPUSDT,1.1163,1.1164,15342.4,48791.3
1781169425118,XRPUSDT,1.1163,1.1164,15335.2,48791.3
1781169425136,XRPUSDT,1.1163,1.1164,15335.2,47791.3
1781169425169,XRPUSDT,1.1163,1.1164,15335.2,47801.8
1781169425575,XRPUSDT,1.1163,1.1164,15379.3,47801.8
1781169425722,XRPUSDT,1.1163,1.1164,15418.1,47801.8
1781169425772,XRPUSDT,1.1163,1.1164,15198.1,47801.8
1781169425890,XRPUSDT,1.1163,1.1164,15203.8,47801.8
1781169426116,XRPUSDT,1.1163,1.1164,15203.8,47706.9
1781169426119,XRPUSDT,1.1163,1.1164,15203.8,47801.1
1781169426190,XRPUSDT,1.1163,1.1164,15203.8,47603.7
1781169426299,XRPUSDT,1.1163,1.1164,15108.6,47603.7
1781169426304,XRPUSDT,1.1163,1.1164,15226.6,47603.7
1781169426562,XRPUSDT,1.1163,1.1164,15226.6,47527.1
1781169426566,XRPUSDT,1.1163,1.1164,15226.6,47603.0
1781169426664,XRPUSDT,1.1163,1.1164,18377.6,47603.0
1781169426665,XRPUSDT,1.1163,1.1164,18373.1,47603.0
1781169426665,XRPUSDT,1.1163,1.1164,18358.3,47603.0
1781169426665,XRPUSDT,1.1163,1.1164,18358.9,47603.0
1781169426666,XRPUSDT,1.1163,1.1164,18373.7,47603.0
1781169426668,XRPUSDT,1.1163,1.1164,18378.2,47603.0
1781169426694,XRPUSDT,1.1163,1.1164,18378.2,47276.6
1781169426813,XRPUSDT,1.1163,1.1164,18416.3,47276.6
1781169427064,XRPUSDT,1.1163,1.1164,15265.3,47276.6
1781169427262,XRPUSDT,1.1163,1.1164,15226.5,47276.6
1781169427265,XRPUSDT,1.1163,1.1164,15265.0,47276.6
1781169427282,XRPUSDT,1.1163,1.1164,15235.3,47276.6
1781169427285,XRPUSDT,1.1163,1.1164,15263.7,47276.6
1781169427313,XRPUSDT,1.1163,1.1164,15145.7,47276.6
1781169427316,XRPUSDT,1.1163,1.1164,15262.5,47276.6
1781169427369,XRPUSDT,1.1163,1.1164,15262.5,47296.5
1781169427376,XRPUSDT,1.1163,1.1164,15242.5,47296.5
1781169427432,XRPUSDT,1.1163,1.1164,15242.5,47258.7
1781169427437,XRPUSDT,1.1163,1.1164,15242.5,47385.9
1781169427495,XRPUSDT,1.1163,1.1164,15266.8,47385.9
1781169427510,XRPUSDT,1.1163,1.1164,15666.5,47385.9
1781169427511,XRPUSDT,1.1163,1.1164,15699.2,47385.9
1781169427511,XRPUSDT,1.1163,1.1164,15694.7,47385.9
1781169427512,XRPUSDT,1.1163,1.1164,15699.2,47385.9
1781169427630,XRPUSDT,1.1163,1.1164,15699.2,47291.7
1781169427633,XRPUSDT,1.1163,1.1164,15699.2,47386.0
1781169427825,XRPUSDT,1.1163,1.1164,15692.0,47386.0
1781169428005,XRPUSDT,1.1163,1.1164,12392.0,47386.0
1781169428007,XRPUSDT,1.1163,1.1164,12449.9,47386.0
1781169428008,XRPUSDT,1.1163,1.1164,15549.9,47386.0
1781169428009,XRPUSDT,1.1163,1.1164,15545.4,47386.0
1781169428010,XRPUSDT,1.1163,1.1164,15544.8,47386.0
1781169428071,XRPUSDT,1.1163,1.1164,15582.1,47386.0
1781169428073,XRPUSDT,1.1163,1.1164,15586.6,47386.0
1781169428079,XRPUSDT,1.1163,1.1164,15610.3,47386.0
1781169428171,XRPUSDT,1.1163,1.1164,15610.3,47396.5
1781169428482,XRPUSDT,1.1163,1.1164,15610.3,47269.3
1781169428488,XRPUSDT,1.1163,1.1164,15610.3,47380.8
1781169428716,XRPUSDT,1.1163,1.1164,15610.3,52380.8
1781169428717,XRPUSDT,1.1163,1.1164,15610.3,52376.3
1781169428720,XRPUSDT,1.1163,1.1164,15610.3,52376.9
1781169428949,XRPUSDT,1.1163,1.1164,15621.8,52376.9
1781169428949,XRPUSDT,1.1163,1.1164,15621.8,52381.4
1781169429118,XRPUSDT,1.1163,1.1164,15614.6,52381.4
1781169429328,XRPUSDT,1.1163,1.1164,15576.1,52381.4
1781169429329,XRPUSDT,1.1163,1.1164,15576.1,47381.4
1781169429331,XRPUSDT,1.1163,1.1164,15614.4,47381.4
1781169429476,XRPUSDT,1.1163,1.1164,15614.4,46381.4
1781169429499,XRPUSDT,1.1163,1.1164,15614.4,46269.9
1781169429502,XRPUSDT,1.1163,1.1164,15614.4,46381.2
1781169429713,XRPUSDT,1.1163,1.1164,15593.2,46360.0
1781169429749,XRPUSDT,1.1163,1.1164,15585.1,46360.0
1781169429953,XRPUSDT,1.1163,1.1164,15511.4,46360.0
1781169429960,XRPUSDT,1.1163,1.1164,15496.1,46344.7
1781169430025,XRPUSDT,1.1163,1.1164,15469.3,46344.7
1781169430076,XRPUSDT,1.1163,1.1164,15469.3,46318.9
1781169430081,XRPUSDT,1.1163,1.1164,15469.3,46342.8
1781169430164,XRPUSDT,1.1163,1.1164,15469.3,46443.3
1781169430175,XRPUSDT,1.1163,1.1164,15469.3,46367.4
1781169430179,XRPUSDT,1.1163,1.1164,15469.3,46443.2
1781169430224,XRPUSDT,1.1163,1.1164,15442.4,46443.2
1781169430336,XRPUSDT,1.1163,1.1164,15404.1,46443.2
1781169430339,XRPUSDT,1.1163,1.1164,15426.0,46443.2
1781169430384,XRPUSDT,1.1163,1.1164,15426.0,47339.1
1781169430386,XRPUSDT,1.1163,1.1164,15426.0,47334.6
1781169430510,XRPUSDT,1.1163,1.1164,15816.7,47334.6
1781169430511,XRPUSDT,1.1163,1.1164,15812.2,47334.6
1781169430512,XRPUSDT,1.1163,1.1164,15812.2,47339.1
1781169430513,XRPUSDT,1.1163,1.1164,15816.7,47339.1
1781169430550,XRPUSDT,1.1163,1.1164,15699.9,47339.1
1781169430553,XRPUSDT,1.1163,1.1164,15817.5,47339.1
1781169430672,XRPUSDT,1.1163,1.1164,15817.5,47349.2
1781169430752,XRPUSDT,1.1163,1.1164,15577.4,47349.2
1781169430752,XRPUSDT,1.1163,1.1164,15231.6,47349.2
1781169430753,XRPUSDT,1.1163,1.1164,15211.0,47349.2
1781169430756,XRPUSDT,1.1163,1.1164,15182.8,47349.2
1781169430757,XRPUSDT,1.1163,1.1164,15122.0,47349.2
1781169430757,XRPUSDT,1.1163,1.1164,15021.6,47349.2
1781169430863,XRPUSDT,1.1163,1.1164,15036.5,47349.2
1781169431012,XRPUSDT,1.1163,1.1164,11936.5,47349.2
1781169431062,XRPUSDT,1.1163,1.1164,11936.5,47358.8
1781169431163,XRPUSDT,1.1163,1.1164,11936.5,47247.5
1781169431167,XRPUSDT,1.1163,1.1164,11936.5,47360.4
1781169431169,XRPUSDT,1.1163,1.1164,11936.5,47370.9
1781169431195,XRPUSDT,1.1163,1.1164,11936.5,47347.0
1781169431199,XRPUSDT,1.1163,1.1164,11936.5,47373.8
1781169431473,XRPUSDT,1.1163,1.1164,11914.6,47373.8
1781169431476,XRPUSDT,1.1163,1.1164,11914.6,48403.2
1781169431477,XRPUSDT,1.1163,1.1164,11914.6,48398.7
1781169431815,XRPUSDT,1.1163,1.1164,11914.6,48495.3
1781169431817,XRPUSDT,1.1163,1.1164,11914.6,48499.8
1781169431825,XRPUSDT,1.1163,1.1164,11907.4,48499.8
1781169431837,XRPUSDT,1.1163,1.1164,11907.4,53499.8
1781169431837,XRPUSDT,1.1163,1.1164,11907.4,53495.3
1781169431838,XRPUSDT,1.1163,1.1164,11907.4,53494.7
1781169431855,XRPUSDT,1.1163,1.1164,9328.6,53494.7
1781169431856,XRPUSDT,1.1162,1.1163,18799.0,151.7
1781169431856,XRPUSDT,1.1162,1.1163,18799.0,3537.3
1781169431856,XRPUSDT,1.1162,1.1163,18799.0,6687.9
1781169431857,XRPUSDT,1.1162,1.1163,18799.0,8974.7
1781169431857,XRPUSDT,1.1162,1.1163,18799.0,11983.9
1781169431857,XRPUSDT,1.1162,1.1163,18799.0,18363.7
1781169431857,XRPUSDT,1.1162,1.1163,18799.0,25381.9
1781169431857,XRPUSDT,1.1162,1.1163,18799.0,25552.1
1781169431858,XRPUSDT,1.1162,1.1163,15728.8,25552.1
1781169431858,XRPUSDT,1.1162,1.1163,15728.8,25734.8
1781169431858,XRPUSDT,1.1162,1.1163,15728.8,28123.6
1781169431858,XRPUSDT,1.1162,1.1163,15724.1,28123.6
1781169431858,XRPUSDT,1.1162,1.1163,15724.1,28303.9
1781169431859,XRPUSDT,1.1162,1.1163,15724.1,28309.3
1781169431859,XRPUSDT,1.1162,1.1163,15719.6,28309.3
1781169431859,XRPUSDT,1.1162,1.1163,14890.3,28309.3
1781169431859,XRPUSDT,1.1162,1.1163,14890.3,28948.2
1781169431859,XRPUSDT,1.1162,1.1163,14890.3,29691.3
1781169431859,XRPUSDT,1.1162,1.1163,14885.7,29691.3
1781169431860,XRPUSDT,1.1162,1.1163,14881.1,29691.3
1781169431860,XRPUSDT,1.1162,1.1163,14881.1,50311.3
1781169431860,XRPUSDT,1.1162,1.1163,14881.1,51073.3
1781169431860,XRPUSDT,1.1162,1.1163,14881.1,51924.6
1781169431860,XRPUSDT,1.1162,1.1163,14881.1,53524.6
1781169431860,XRPUSDT,1.1162,1.1163,14881.1,54309.3
1781169431860,XRPUSDT,1.1162,1.1163,14881.1,56809.3
1781169431861,XRPUSDT,1.1162,1.1163,14881.1,57809.3
1781169431861,XRPUSDT,1.1162,1.1163,14881.1,57818.4
1781169431861,XRPUSDT,1.1162,1.1163,14876.6,57818.4
1781169431861,XRPUSDT,1.1162,1.1163,14871.9,57818.4
1781169431861,XRPUSDT,1.1162,1.1163,14857.1,57818.4
1781169431861,XRPUSDT,1.1162,1.1163,3934.4,57818.4
1781169431861,XRPUSDT,1.1162,1.1163,3919.6,57818.4
1781169431862,XRPUSDT,1.1162,1.1163,1632.8,57818.4
1781169431862,XRPUSDT,1.1162,1.1163,1632.8,58589.9
1781169431862,XRPUSDT,1.1162,1.1163,1632.8,59461.8
1781169431862,XRPUSDT,1.1162,1.1163,1618.0,59461.8
1781169431862,XRPUSDT,1.1162,1.1163,1613.4,59461.8
1781169431862,XRPUSDT,1.1162,1.1163,1613.4,60259.0
1781169431863,XRPUSDT,1.1162,1.1163,1608.9,60259.0
1781169431863,XRPUSDT,1.1162,1.1163,1608.9,60263.5
1781169431863,XRPUSDT,1.1162,1.1163,1608.9,61084.1
1781169431863,XRPUSDT,1.1162,1.1163,1594.1,61084.1
1781169431867,XRPUSDT,1.1162,1.1163,1579.3,61084.1
1781169431868,XRPUSDT,1.1162,1.1163,1564.5,61084.1
1781169431868,XRPUSDT,1.1162,1.1163,1549.7,61084.1
1781169431868,XRPUSDT,1.1162,1.1163,1549.7,60084.1
1781169431868,XRPUSDT,1.1162,1.1163,1549.7,60881.4
1781169431868,XRPUSDT,1.1162,1.1163,1534.9,60881.4
1781169431868,XRPUSDT,1.1162,1.1163,1534.9,61664.2
1781169431869,XRPUSDT,1.1162,1.1163,1534.9,61669.2
1781169431869,XRPUSDT,1.1162,1.1163,1534.9,66669.2
1781169431869,XRPUSDT,1.1162,1.1163,1549.7,66669.2
1781169431869,XRPUSDT,1.1162,1.1163,1549.7,67117.0
1781169431869,XRPUSDT,1.1162,1.1163,1549.7,68012.9
1781169431869,XRPUSDT,1.1162,1.1163,1545.2,68012.9
1781169431869,XRPUSDT,1.1162,1.1163,1545.2,68017.5
1781169431870,XRPUSDT,1.1162,1.1163,1545.2,68032.3
1781169431870,XRPUSDT,1.1162,1.1163,1545.2,68632.3
1781169431870,XRPUSDT,1.1162,1.1163,1545.2,68642.1
1781169431870,XRPUSDT,1.1162,1.1163,1545.2,71192.8
1781169431870,XRPUSDT,1.1162,1.1163,1545.2,71201.4
1781169431870,XRPUSDT,1.1162,1.1163,1545.2,71192.3
1781169431870,XRPUSDT,1.1162,1.1163,1494.7,71192.3
1781169431870,XRPUSDT,1.1162,1.1163,1494.7,74967.0
1781169431871,XRPUSDT,1.1162,1.1163,1494.7,79878.7
1781169431871,XRPUSDT,1.1162,1.1163,1494.7,79863.9
1781169431871,XRPUSDT,1.1162,1.1163,1416.6,79863.9
1781169431872,XRPUSDT,1.1162,1.1163,1416.6,79967.8
1781169431872,XRPUSDT,1.1162,1.1163,1416.6,80967.8
1781169431872,XRPUSDT,1.1162,1.1163,1408.4,80967.8
1781169431872,XRPUSDT,1.1162,1.1163,1408.4,78579.0
1781169431872,XRPUSDT,1.1162,1.1163,1408.4,78583.6
1781169431872,XRPUSDT,1.1162,1.1163,1408.4,76083.6
1781169431873,XRPUSDT,1.1162,1.1163,1408.4,75635.8
1781169431873,XRPUSDT,1.1162,1.1163,1408.4,75640.4
1781169431873,XRPUSDT,1.1162,1.1163,4408.4,75640.4
1781169431873,XRPUSDT,1.1162,1.1163,4408.4,75001.5
1781169431873,XRPUSDT,1.1162,1.1163,4408.4,74218.7
1781169431873,XRPUSDT,1.1162,1.1163,1408.4,74218.7
1781169431874,XRPUSDT,1.1162,1.1163,1408.4,73421.4
1781169431874,XRPUSDT,1.1162,1.1163,1393.6,73421.4
1781169431874,XRPUSDT,1.1162,1.1163,1393.0,73421.4
1781169431874,XRPUSDT,1.1162,1.1163,1393.0,73834.1
1781169431874,XRPUSDT,1.1162,1.1163,3648.4,73834.1
1781169431874,XRPUSDT,1.1162,1.1163,3648.4,73036.9
1781169431875,XRPUSDT,1.1162,1.1163,3648.4,72216.3
1781169431875,XRPUSDT,1.1162,1.1163,3648.4,71344.4
1781169431875,XRPUSDT,1.1162,1.1163,3652.9,71344.4
1781169431875,XRPUSDT,1.1162,1.1163,3652.9,70572.9
1781169431875,XRPUSDT,1.1162,1.1163,3652.9,70815.5
1781169431875,XRPUSDT,1.1162,1.1163,3652.9,71058.1
1781169431876,XRPUSDT,1.1162,1.1163,3652.9,71300.7
1781169431888,XRPUSDT,1.1162,1.1163,3648.4,71300.7
1781169431914,XRPUSDT,1.1162,1.1163,3648.4,71295.7
1781169431918,XRPUSDT,1.1162,1.1163,3648.4,71388.8
1781169431922,XRPUSDT,1.1162,1.1163,3652.9,71388.8
1781169431957,XRPUSDT,1.1162,1.1163,3652.9,80251.1
1781169431958,XRPUSDT,1.1162,1.1163,3652.9,80265.9
1781169431958,XRPUSDT,1.1162,1.1163,3667.7,80265.9
1781169432002,XRPUSDT,1.1162,1.1163,3657.0,80265.9
1781169432004,XRPUSDT,1.1162,1.1163,3661.6,80265.9
1781169432010,XRPUSDT,1.1162,1.1163,3661.6,78482.1
1781169432010,XRPUSDT,1.1162,1.1163,3661.6,76733.6
1781169432011,XRPUSDT,1.1162,1.1163,3661.6,76563.4
1781169432012,XRPUSDT,1.1162,1.1163,3661.6,69545.2
1781169432012,XRPUSDT,1.1162,1.1163,7436.3,69545.2
1781169432013,XRPUSDT,1.1162,1.1163,7421.5,69545.2
1781169432014,XRPUSDT,1.1162,1.1163,7421.5,64633.5
1781169432014,XRPUSDT,1.1162,1.1163,7422.1,64633.5
1781169432015,XRPUSDT,1.1162,1.1163,7422.1,63848.8
1781169432048,XRPUSDT,1.1162,1.1163,7422.1,64659.8
1781169432067,XRPUSDT,1.1162,1.1163,7451.2,64659.8
1781169432069,XRPUSDT,1.1162,1.1163,7466.0,64659.8
1781169432111,XRPUSDT,1.1162,1.1163,7466.0,64780.0
1781169432112,XRPUSDT,1.1162,1.1163,7466.0,63780.0
1781169432164,XRPUSDT,1.1162,1.1163,7470.8,63780.0
1781169432168,XRPUSDT,1.1162,1.1163,7470.8,64467.6
1781169432211,XRPUSDT,1.1162,1.1163,7470.8,64503.4
1781169432213,XRPUSDT,1.1162,1.1163,7470.8,64508.8
1781169432330,XRPUSDT,1.1162,1.1163,7470.8,65035.4
1781169432333,XRPUSDT,1.1162,1.1163,7235.7,65035.4
1781169432366,XRPUSDT,1.1162,1.1163,7240.1,65035.4
1781169432367,XRPUSDT,1.1162,1.1163,7245.1,65035.4
1781169432367,XRPUSDT,1.1162,1.1163,7249.6,65035.4
1781169432368,XRPUSDT,1.1162,1.1163,7249.6,65044.4
1781169432382,XRPUSDT,1.1162,1.1163,7249.6,65053.8
1781169432407,XRPUSDT,1.1162,1.1163,7249.6,65377.1
1781169432412,XRPUSDT,1.1162,1.1163,7249.6,65372.1
1781169432466,XRPUSDT,1.1162,1.1163,7315.8,65372.1
1781169432467,XRPUSDT,1.1162,1.1163,7311.3,65372.1
1781169432697,XRPUSDT,1.1162,1.1163,7288.4,65372.1
1781169432828,XRPUSDT,1.1162,1.1163,7283.9,65372.1
1781169432956,XRPUSDT,1.1162,1.1163,7283.9,65695.3
1781169432957,XRPUSDT,1.1162,1.1163,7283.9,65686.3
1781169432957,XRPUSDT,1.1162,1.1163,7288.4,65686.3
1781169432958,XRPUSDT,1.1162,1.1163,7288.4,65695.3
1781169433037,XRPUSDT,1.1162,1.1163,7288.4,62686.1
1781169433037,XRPUSDT,1.1162,1.1163,7288.4,60399.3
1781169433042,XRPUSDT,1.1162,1.1163,7292.9,60399.3
1781169433064,XRPUSDT,1.1162,1.1163,7292.9,60494.0
1781169433089,XRPUSDT,1.1162,1.1163,7292.9,60622.7
1781169433118,XRPUSDT,1.1162,1.1163,7285.7,60622.7
1781169433212,XRPUSDT,1.1162,1.1163,7281.2,60622.7
1781169433218,XRPUSDT,1.1162,1.1163,7393.1,60622.7
1781169433219,XRPUSDT,1.1162,1.1163,7388.6,60622.7
1781169433264,XRPUSDT,1.1162,1.1163,7383.8,60622.7
1781169433268,XRPUSDT,1.1162,1.1163,7383.8,60627.6
1781169433270,XRPUSDT,1.1162,1.1163,7388.3,60627.6
1781169433460,XRPUSDT,1.1162,1.1163,7388.3,60740.9
1781169433482,XRPUSDT,1.1162,1.1163,7323.8,60740.9
1781169433483,XRPUSDT,1.1162,1.1163,3549.1,60740.9
1781169433486,XRPUSDT,1.1162,1.1163,3549.1,60817.2
1781169433495,XRPUSDT,1.1162,1.1163,3549.1,61839.0
1781169433496,XRPUSDT,1.1162,1.1163,3549.1,61830.0
1781169433510,XRPUSDT,1.1162,1.1163,3786.3,61830.0
1781169433512,XRPUSDT,1.1162,1.1163,3781.8,61830.0
1781169433512,XRPUSDT,1.1162,1.1163,7556.5,61830.0
1781169433512,XRPUSDT,1.1162,1.1163,7556.5,61839.0
1781169433512,XRPUSDT,1.1162,1.1163,7690.0,61839.0
1781169433513,XRPUSDT,1.1162,1.1163,7689.4,61839.0
1781169433514,XRPUSDT,1.1162,1.1163,7674.6,61839.0
1781169433514,XRPUSDT,1.1162,1.1163,7679.1,61839.0
1781169433533,XRPUSDT,1.1162,1.1163,7693.9,61839.0
1781169433534,XRPUSDT,1.1162,1.1163,7689.4,61839.0
1781169433618,XRPUSDT,1.1162,1.1163,7693.9,61839.0
1781169433619,XRPUSDT,1.1162,1.1163,7698.4,61839.0
1781169433835,XRPUSDT,1.1162,1.1163,7631.2,61839.0
1781169434084,XRPUSDT,1.1162,1.1163,7631.2,61847.9
1781169434086,XRPUSDT,1.1162,1.1163,3856.5,61847.9
1781169434086,XRPUSDT,1.1162,1.1163,3856.5,61839.0
1781169434086,XRPUSDT,1.1162,1.1163,3856.5,61864.0
1781169434332,XRPUSDT,1.1162,1.1163,3923.7,61864.0
1781169434334,XRPUSDT,1.1162,1.1163,7698.4,61864.0
1781169434335,XRPUSDT,1.1162,1.1163,7693.9,61864.0
1781169434335,XRPUSDT,1.1162,1.1163,7679.1,61864.0
1781169434335,XRPUSDT,1.1162,1.1163,7679.7,61864.0
1781169434337,XRPUSDT,1.1162,1.1163,7694.5,61864.0
1781169434338,XRPUSDT,1.1162,1.1163,7699.0,61864.0
1781169434472,XRPUSDT,1.1162,1.1163,7699.0,61750.7
1781169434478,XRPUSDT,1.1162,1.1163,7699.0,61864.3
1781169434492,XRPUSDT,1.1162,1.1163,7699.0,61788.0
1781169434493,XRPUSDT,1.1162,1.1163,3924.3,61788.0
1781169434494,XRPUSDT,1.1162,1.1163,3919.8,61788.0
1781169434496,XRPUSDT,1.1162,1.1163,4054.8,61788.0
1781169434497,XRPUSDT,1.1162,1.1163,4050.3,61788.0
1781169434500,XRPUSDT,1.1162,1.1163,4050.3,60766.2
1781169434507,XRPUSDT,1.1162,1.1163,4050.3,61788.2
1781169434508,XRPUSDT,1.1162,1.1163,4054.8,61788.2
1781169434567,XRPUSDT,1.1162,1.1163,4054.8,61693.5
1781169434570,XRPUSDT,1.1162,1.1163,4054.8,61787.0
1781169434822,XRPUSDT,1.1162,1.1163,4054.8,61840.7
1781169434954,XRPUSDT,1.1162,1.1163,3871.8,61840.7
1781169434955,XRPUSDT,1.1162,1.1163,3250.2,61840.7
1781169434972,XRPUSDT,1.1162,1.1163,6250.2,61840.7
1781169434973,XRPUSDT,1.1162,1.1163,6235.4,61840.7
1781169434973,XRPUSDT,1.1162,1.1163,6230.9,61840.7
1781169434974,XRPUSDT,1.1162,1.1163,6235.4,61840.7
1781169434974,XRPUSDT,1.1162,1.1163,6234.8,61840.7
1781169434975,XRPUSDT,1.1162,1.1163,6249.6,61840.7
1781169434975,XRPUSDT,1.1162,1.1163,6254.1,61840.7
1781169435076,XRPUSDT,1.1162,1.1163,6254.1,61747.2
1781169435082,XRPUSDT,1.1162,1.1163,6254.1,61840.0
1781169435155,XRPUSDT,1.1162,1.1163,6120.6,61840.0
1781169435192,XRPUSDT,1.1162,1.1163,6127.5,61840.0
1781169435194,XRPUSDT,1.1162,1.1163,6127.5,61866.9
1781169435240,XRPUSDT,1.1162,1.1163,6127.5,61831.1
1781169435250,XRPUSDT,1.1162,1.1163,6127.5,61777.4
1781169435336,XRPUSDT,1.1162,1.1163,6127.5,61808.5
1781169435422,XRPUSDT,1.1162,1.1163,6127.5,41188.5
1781169435423,XRPUSDT,1.1162,1.1163,6127.5,40337.2
1781169435512,XRPUSDT,1.1162,1.1163,6163.8,40337.2
1781169435514,XRPUSDT,1.1162,1.1163,6163.8,39315.2
1781169435517,XRPUSDT,1.1162,1.1163,6163.8,40307.7
1781169435683,XRPUSDT,1.1162,1.1163,9314.8,40307.7
1781169435684,XRPUSDT,1.1162,1.1163,9310.3,40307.7
1781169435685,XRPUSDT,1.1162,1.1163,9310.9,40307.7
1781169435749,XRPUSDT,1.1161,1.1162,29818.5,5.6
1781169435750,XRPUSDT,1.1161,1.1162,29818.5,1709.3
1781169435750,XRPUSDT,1.1161,1.1162,29818.5,3996.1
1781169435750,XRPUSDT,1.1161,1.1162,29818.5,6382.9
1781169435750,XRPUSDT,1.1161,1.1162,26802.0,6382.9
1781169435751,XRPUSDT,1.1161,1.1162,26787.2,6382.9
1781169435751,XRPUSDT,1.1161,1.1162,26772.4,6382.9
1781169435751,XRPUSDT,1.1161,1.1162,26757.6,6382.9
1781169435751,XRPUSDT,1.1161,1.1162,26757.6,6563.2
1781169435751,XRPUSDT,1.1161,1.1162,26742.8,6563.2
1781169435752,XRPUSDT,1.1161,1.1162,26728.0,6563.2
1781169435752,XRPUSDT,1.1161,1.1162,21144.9,6563.2
1781169435752,XRPUSDT,1.1161,1.1162,21144.9,6549.0
1781169435752,XRPUSDT,1.1161,1.1162,21130.1,6549.0
1781169435752,XRPUSDT,1.1161,1.1162,21125.6,6549.0
1781169435752,XRPUSDT,1.1161,1.1162,21125.6,6554.4
1781169435753,XRPUSDT,1.1161,1.1162,21120.6,6554.4
1781169435753,XRPUSDT,1.1161,1.1162,21116.0,6554.4
1781169435753,XRPUSDT,1.1161,1.1162,21111.4,6554.4
1781169435753,XRPUSDT,1.1161,1.1162,21096.6,6554.4
1781169435753,XRPUSDT,1.1161,1.1162,21096.6,6734.1
1781169435753,XRPUSDT,1.1161,1.1162,21096.6,9573.9
1781169435754,XRPUSDT,1.1161,1.1162,21092.0,9573.9
1781169435754,XRPUSDT,1.1161,1.1162,21092.0,9637.2
1781169435754,XRPUSDT,1.1161,1.1162,21346.6,9637.2
1781169435754,XRPUSDT,1.1161,1.1162,21346.6,9642.2
1781169435754,XRPUSDT,1.1161,1.1162,21341.9,9642.2
1781169435754,XRPUSDT,1.1161,1.1162,21341.9,10538.1
1781169435754,XRPUSDT,1.1161,1.1162,21341.9,14867.1
1781169435755,XRPUSDT,1.1161,1.1162,21327.1,14867.1
1781169435755,XRPUSDT,1.1161,1.1162,21528.7,14867.1
1781169435755,XRPUSDT,1.1161,1.1162,21528.7,21885.3
1781169435755,XRPUSDT,1.1161,1.1162,21528.7,30747.6
1781169435755,XRPUSDT,1.1161,1.1162,21528.7,34133.2
1781169435755,XRPUSDT,1.1161,1.1162,21528.7,34733.2
1781169435755,XRPUSDT,1.1161,1.1162,21528.7,41113.0
1781169435756,XRPUSDT,1.1161,1.1162,21528.7,44258.6
1781169435756,XRPUSDT,1.1161,1.1162,21580.0,44258.6
1781169435756,XRPUSDT,1.1161,1.1162,16745.6,44258.6
1781169435756,XRPUSDT,1.1161,1.1162,14458.8,44258.6
1781169435756,XRPUSDT,1.1161,1.1162,14458.8,44362.5
1781169435756,XRPUSDT,1.1161,1.1162,14458.8,40033.5
1781169435756,XRPUSDT,1.1161,1.1162,14458.8,45033.5
1781169435757,XRPUSDT,1.1161,1.1162,14458.8,45038.0
1781169435757,XRPUSDT,1.1161,1.1162,14458.8,45042.6
1781169435757,XRPUSDT,1.1161,1.1162,14458.8,45226.6
1781169435757,XRPUSDT,1.1161,1.1162,14458.8,44626.6
1781169435757,XRPUSDT,1.1161,1.1162,14458.8,44636.4
1781169435757,XRPUSDT,1.1161,1.1162,14373.0,44636.4
1781169435757,XRPUSDT,1.1161,1.1162,14373.0,44808.3
1781169435758,XRPUSDT,1.1161,1.1162,14368.5,44808.3
1781169435758,XRPUSDT,1.1161,1.1162,14368.5,45436.9
1781169435758,XRPUSDT,1.1161,1.1162,14368.5,45373.6
1781169435758,XRPUSDT,1.1161,1.1162,14368.5,49148.3
1781169435758,XRPUSDT,1.1161,1.1162,18726.7,49148.3
1781169435758,XRPUSDT,1.1161,1.1162,18726.7,49241.4
1781169435759,XRPUSDT,1.1161,1.1162,18726.7,49268.3
1781169435759,XRPUSDT,1.1161,1.1162,18727.3,49268.3
1781169435759,XRPUSDT,1.1161,1.1162,22227.3,49268.3
1781169435759,XRPUSDT,1.1161,1.1162,22227.3,49341.8
1781169435759,XRPUSDT,1.1161,1.1162,17869.1,49341.8
1781169435760,XRPUSDT,1.1161,1.1162,17873.6,49341.8
1781169435766,XRPUSDT,1.1161,1.1162,20129.0,49341.8
1781169435766,XRPUSDT,1.1161,1.1162,19874.4,49341.8
1781169435766,XRPUSDT,1.1161,1.1162,19672.8,49341.8
1781169435766,XRPUSDT,1.1161,1.1162,19672.8,49169.9
1781169435766,XRPUSDT,1.1161,1.1162,19672.8,49582.6
1781169435767,XRPUSDT,1.1161,1.1162,19672.2,49582.6
1781169435769,XRPUSDT,1.1161,1.1162,19672.2,49792.7
1781169435769,XRPUSDT,1.1161,1.1162,19672.2,50002.8
1781169435769,XRPUSDT,1.1161,1.1162,19672.2,50212.9
1781169435773,XRPUSDT,1.1161,1.1162,19672.2,50333.1
1781169435792,XRPUSDT,1.1161,1.1162,19687.0,50333.1
1781169435792,XRPUSDT,1.1161,1.1162,19687.0,50347.9
1781169435824,XRPUSDT,1.1161,1.1162,19679.8,50347.9
1781169435833,XRPUSDT,1.1161,1.1162,19679.8,55137.2
1781169435834,XRPUSDT,1.1161,1.1162,19679.8,55141.7
1781169435841,XRPUSDT,1.1161,1.1162,19679.8,55270.4
1781169435845,XRPUSDT,1.1161,1.1162,19679.8,59599.4
1781169435847,XRPUSDT,1.1161,1.1162,19475.3,59599.4
1781169435932,XRPUSDT,1.1161,1.1162,19299.6,59599.4
1781169435947,XRPUSDT,1.1161,1.1162,19299.6,60126.0
1781169435968,XRPUSDT,1.1161,1.1162,20099.6,60126.0
1781169435999,XRPUSDT,1.1161,1.1162,20099.6,60937.0
1781169436102,XRPUSDT,1.1161,1.1162,20099.6,60942.4
1781169436104,XRPUSDT,1.1161,1.1162,22499.6,60942.4
1781169436105,XRPUSDT,1.1161,1.1162,22500.2,60942.4
1781169436118,XRPUSDT,1.1161,1.1162,22500.2,60948.1
1781169436239,XRPUSDT,1.1161,1.1162,22500.2,60958.7
1781169436317,XRPUSDT,1.1161,1.1162,22500.2,61646.3
1781169436318,XRPUSDT,1.1161,1.1162,22504.7,61646.3
1781169436318,XRPUSDT,1.1161,1.1162,22504.7,61655.3
1781169436414,XRPUSDT,1.1161,1.1162,22504.7,61686.3
1781169436510,XRPUSDT,1.1161,1.1162,22783.6,61686.3
1781169436512,XRPUSDT,1.1161,1.1162,22779.1,61686.3
1781169436525,XRPUSDT,1.1161,1.1162,22779.1,62690.3
1781169436526,XRPUSDT,1.1161,1.1162,22779.1,62681.3
1781169436526,XRPUSDT,1.1161,1.1162,22783.6,62681.3
1781169436527,XRPUSDT,1.1161,1.1162,22783.6,62690.3
1781169436530,XRPUSDT,1.1161,1.1162,22789.9,62690.3
1781169436838,XRPUSDT,1.1161,1.1162,22789.9,62710.2
1781169437046,XRPUSDT,1.1161,1.1162,22789.9,61706.2
1781169437050,XRPUSDT,1.1161,1.1162,22789.9,62818.2
1781169437118,XRPUSDT,1.1161,1.1162,22782.7,62818.2
1781169437158,XRPUSDT,1.1160,1.1161,60103.5,3538.0
1781169437158,XRPUSDT,1.1160,1.1161,60103.5,5824.8
1781169437158,XRPUSDT,1.1160,1.1161,60103.5,8211.4
1781169437158,XRPUSDT,1.1160,1.1161,60103.5,11357.0
1781169437159,XRPUSDT,1.1160,1.1161,60098.9,11357.0
1781169437159,XRPUSDT,1.1160,1.1161,60094.3,11357.0
1781169437159,XRPUSDT,1.1160,1.1161,60094.3,13742.1
1781169437159,XRPUSDT,1.1160,1.1161,60094.3,14342.1
1781169437159,XRPUSDT,1.1160,1.1161,60094.3,17123.6
1781169437159,XRPUSDT,1.1160,1.1161,60094.3,17761.0
1781169437160,XRPUSDT,1.1160,1.1161,60348.9,17761.0
1781169437160,XRPUSDT,1.1160,1.1161,60348.9,20220.6
1781169437160,XRPUSDT,1.1160,1.1161,60159.7,20220.6
1781169437160,XRPUSDT,1.1160,1.1161,59939.1,20220.6
1781169437160,XRPUSDT,1.1160,1.1161,59727.6,20220.6
1781169437160,XRPUSDT,1.1160,1.1161,59521.6,20220.6
1781169437161,XRPUSDT,1.1160,1.1161,59320.0,20220.6
1781169437161,XRPUSDT,1.1160,1.1161,59320.0,22597.6
1781169437161,XRPUSDT,1.1160,1.1161,59131.8,22597.6
1781169437161,XRPUSDT,1.1160,1.1161,58942.0,22597.6
1781169437161,XRPUSDT,1.1160,1.1161,58714.4,22597.6
1781169437161,XRPUSDT,1.1160,1.1161,58519.7,22597.6
1781169437162,XRPUSDT,1.1160,1.1161,58519.7,22607.4
1781169437162,XRPUSDT,1.1160,1.1161,58519.7,26382.1
1781169437162,XRPUSDT,1.1160,1.1161,58519.7,22844.1
1781169437162,XRPUSDT,1.1160,1.1161,58519.7,20557.3
1781169437162,XRPUSDT,1.1160,1.1161,58265.1,20557.3
1781169437162,XRPUSDT,1.1160,1.1161,58043.0,20557.3
1781169437163,XRPUSDT,1.1160,1.1161,58028.2,20557.3
1781169437163,XRPUSDT,1.1160,1.1161,58028.2,19957.3
1781169437163,XRPUSDT,1.1160,1.1161,58013.4,19957.3
1781169437163,XRPUSDT,1.1160,1.1161,57998.6,19957.3
1781169437163,XRPUSDT,1.1160,1.1161,57983.8,19957.3
1781169437163,XRPUSDT,1.1160,1.1161,57969.0,19957.3
1781169437164,XRPUSDT,1.1160,1.1161,57771.8,19957.3
1781169437164,XRPUSDT,1.1160,1.1161,57771.8,19961.8
1781169437164,XRPUSDT,1.1160,1.1161,57771.8,20857.7
1781169437164,XRPUSDT,1.1160,1.1161,57573.3,20857.7
1781169437164,XRPUSDT,1.1160,1.1161,57378.2,20857.7
1781169437166,XRPUSDT,1.1160,1.1161,57363.4,20857.7
1781169437166,XRPUSDT,1.1160,1.1161,57169.3,20857.7
1781169437166,XRPUSDT,1.1160,1.1161,56944.5,20857.7
1781169437166,XRPUSDT,1.1160,1.1161,56944.5,27237.5
1781169437166,XRPUSDT,1.1160,1.1161,56944.5,27242.1
1781169437167,XRPUSDT,1.1160,1.1161,56929.7,27242.1
1781169437167,XRPUSDT,1.1160,1.1161,56929.7,34260.3
1781169437167,XRPUSDT,1.1160,1.1161,56718.4,34260.3
1781169437167,XRPUSDT,1.1160,1.1161,56718.4,37528.7
1781169437167,XRPUSDT,1.1160,1.1161,56523.7,37528.7
1781169437167,XRPUSDT,1.1160,1.1161,56528.3,37528.7
1781169437168,XRPUSDT,1.1160,1.1161,56341.2,37528.7
1781169437168,XRPUSDT,1.1160,1.1161,56341.2,40914.3
1781169437168,XRPUSDT,1.1160,1.1161,56120.7,40914.3
1781169437168,XRPUSDT,1.1160,1.1161,55922.5,40914.3
1781169437168,XRPUSDT,1.1160,1.1161,55922.5,40919.7
1781169437169,XRPUSDT,1.1160,1.1161,55727.3,40919.7
1781169437169,XRPUSDT,1.1160,1.1161,55727.3,41023.6
1781169437169,XRPUSDT,1.1160,1.1161,55515.6,41023.6
1781169437170,XRPUSDT,1.1160,1.1161,55515.6,46023.6
1781169437170,XRPUSDT,1.1160,1.1161,55511.1,46023.6
1781169437170,XRPUSDT,1.1160,1.1161,55287.0,46023.6
1781169437170,XRPUSDT,1.1160,1.1161,55073.2,46023.6
1781169437171,XRPUSDT,1.1160,1.1161,54881.8,46023.6
1781169437171,XRPUSDT,1.1160,1.1161,54673.2,46023.6
1781169437171,XRPUSDT,1.1160,1.1161,54482.7,46023.6
1781169437171,XRPUSDT,1.1160,1.1161,54682.7,46023.6
1781169437172,XRPUSDT,1.1160,1.1161,54456.7,46023.6
1781169437172,XRPUSDT,1.1160,1.1161,54471.3,46023.6
1781169437172,XRPUSDT,1.1160,1.1161,54471.3,43564.0
1781169437173,XRPUSDT,1.1160,1.1161,54471.3,42926.6
1781169437173,XRPUSDT,1.1160,1.1161,18577.1,42926.6
1781169437173,XRPUSDT,1.1160,1.1161,18365.2,42926.6
1781169437173,XRPUSDT,1.1160,1.1161,18167.5,42926.6
1781169437173,XRPUSDT,1.1160,1.1161,18167.5,40549.6
1781169437174,XRPUSDT,1.1160,1.1161,18117.0,40549.6
1781169437174,XRPUSDT,1.1160,1.1161,18117.0,40646.2
1781169437174,XRPUSDT,1.1160,1.1161,1151.3,40646.2
1781169437174,XRPUSDT,1.1160,1.1161,951.3,40646.2
1781169437174,XRPUSDT,1.1160,1.1161,951.3,49508.5
1781169437175,XRPUSDT,1.1160,1.1161,951.3,49533.5
1781169437179,XRPUSDT,1.1160,1.1161,951.3,49538.5
1781169437179,XRPUSDT,1.1160,1.1161,951.3,49631.6
1781169437179,XRPUSDT,1.1160,1.1161,183.1,49631.6
1781169437179,XRPUSDT,1.1160,1.1161,3957.8,49631.6
1781169437179,XRPUSDT,1.1160,1.1161,3889.2,49631.6
1781169437180,XRPUSDT,1.1160,1.1161,3081.8,49631.6
1781169437180,XRPUSDT,1.1159,1.1161,42823.2,49631.6
1781169437180,XRPUSDT,1.1159,1.1160,42823.2,2440.8
1781169437180,XRPUSDT,1.1159,1.1160,43027.5,2440.8
1781169437180,XRPUSDT,1.1159,1.1160,43027.5,4827.7
1781169437180,XRPUSDT,1.1159,1.1160,43027.5,5465.2
1781169437180,XRPUSDT,1.1159,1.1160,42814.9,5465.2
1781169437181,XRPUSDT,1.1159,1.1160,42626.2,5465.2
1781169437181,XRPUSDT,1.1159,1.1160,42434.4,5465.2
1781169437181,XRPUSDT,1.1159,1.1160,42227.3,5465.2
1781169437181,XRPUSDT,1.1159,1.1160,42016.1,5465.2
1781169437181,XRPUSDT,1.1159,1.1160,42016.1,5645.0
1781169437181,XRPUSDT,1.1159,1.1160,41797.2,5645.0
1781169437182,XRPUSDT,1.1159,1.1160,41576.1,5645.0
1781169437182,XRPUSDT,1.1159,1.1160,41358.1,5645.0
1781169437182,XRPUSDT,1.1159,1.1160,41144.0,5645.0
1781169437182,XRPUSDT,1.1159,1.1160,40934.2,5645.0
1781169437182,XRPUSDT,1.1159,1.1160,40739.5,5645.0
1781169437182,XRPUSDT,1.1159,1.1160,40512.8,5645.0
1781169437182,XRPUSDT,1.1159,1.1160,40291.9,5645.0
1781169437183,XRPUSDT,1.1159,1.1160,40063.6,5645.0
1781169437183,XRPUSDT,1.1159,1.1160,40063.6,6499.5
1781169437183,XRPUSDT,1.1159,1.1160,39845.7,6499.5
1781169437183,XRPUSDT,1.1159,1.1160,39845.7,7368.8
1781169437183,XRPUSDT,1.1159,1.1160,39845.7,9781.5
1781169437183,XRPUSDT,1.1159,1.1160,39845.7,10679.1
1781169437184,XRPUSDT,1.1159,1.1160,39845.7,11475.8
1781169437184,XRPUSDT,1.1159,1.1160,39845.7,12312.0
1781169437184,XRPUSDT,1.1159,1.1160,39645.7,12312.0
1781169437184,XRPUSDT,1.1159,1.1160,39645.7,13137.8
1781169437184,XRPUSDT,1.1159,1.1160,39645.7,20156.0
1781169437184,XRPUSDT,1.1159,1.1160,39645.7,26535.8
1781169437184,XRPUSDT,1.1159,1.1160,39645.7,26729.0
1781169437185,XRPUSDT,1.1159,1.1160,39645.7,27610.8
1781169437185,XRPUSDT,1.1159,1.1160,39645.7,27793.5
1781169437185,XRPUSDT,1.1159,1.1160,39645.7,27973.8
1781169437185,XRPUSDT,1.1159,1.1160,39645.7,30360.7
1781169437185,XRPUSDT,1.1159,1.1160,39446.1,30360.7
1781169437185,XRPUSDT,1.1159,1.1160,39446.1,33746.3
1781169437186,XRPUSDT,1.1159,1.1160,39446.1,36891.9
1781169437186,XRPUSDT,1.1159,1.1160,39446.1,36897.3
1781169437186,XRPUSDT,1.1159,1.1160,39446.1,37799.9
1781169437186,XRPUSDT,1.1159,1.1160,39336.6,37799.9
1781169437186,XRPUSDT,1.1159,1.1160,39336.6,38635.5
1781169437186,XRPUSDT,1.1159,1.1160,34336.6,38635.5
1781169437186,XRPUSDT,1.1159,1.1160,34332.1,38635.5
1781169437187,XRPUSDT,1.1159,1.1160,31858.2,38635.5
1781169437187,XRPUSDT,1.1159,1.1160,31858.2,38640.0
1781169437187,XRPUSDT,1.1159,1.1160,31651.6,38640.0
1781169437187,XRPUSDT,1.1159,1.1160,31647.0,38640.0
1781169437187,XRPUSDT,1.1159,1.1160,27706.3,38640.0
1781169437187,XRPUSDT,1.1159,1.1160,27706.3,38644.5
1781169437187,XRPUSDT,1.1159,1.1160,23673.3,38644.5
1781169437188,XRPUSDT,1.1159,1.1160,23673.3,39389.9
1781169437188,XRPUSDT,1.1159,1.1160,23658.5,39389.9
1781169437196,XRPUSDT,1.1159,1.1160,23653.9,39389.9
1781169437196,XRPUSDT,1.1159,1.1160,23647.0,39389.9
1781169437197,XRPUSDT,1.1159,1.1160,23647.0,39989.9
1781169437197,XRPUSDT,1.1159,1.1160,23651.6,39989.9
1781169437197,XRPUSDT,1.1159,1.1160,23651.6,40794.2
1781169437197,XRPUSDT,1.1159,1.1160,23651.6,39958.0
1781169437198,XRPUSDT,1.1159,1.1160,23651.6,37545.3
1781169437198,XRPUSDT,1.1159,1.1160,23651.6,41320.0
1781169437198,XRPUSDT,1.1159,1.1160,23855.2,41320.0
1781169437198,XRPUSDT,1.1159,1.1160,23855.2,41324.6
1781169437198,XRPUSDT,1.1159,1.1160,23855.2,44106.1
1781169437198,XRPUSDT,1.1159,1.1160,23855.2,41719.2
1781169437199,XRPUSDT,1.1159,1.1160,23855.2,41901.1
1781169437199,XRPUSDT,1.1159,1.1160,23855.8,41901.1
1781169437200,XRPUSDT,1.1159,1.1160,23855.8,42079.2
1781169437200,XRPUSDT,1.1159,1.1160,23855.8,42491.9
1781169437200,XRPUSDT,1.1159,1.1160,24055.8,42491.9
1781169437200,XRPUSDT,1.1159,1.1160,24037.9,42491.9
1781169437200,XRPUSDT,1.1159,1.1160,24033.4,42491.9
